2021-05-18 00:00:00.278000,1.09242,1.09241,1000000,1250000
2021-05-18 00:00:00.482000,1.09243,1.09242,1000000,1250000
2021-05-18 00:00:00.590000,1.09246,1.09244,1100000,4570000
2021-05-18 00:00:00.641000,1.09248,1.09246,1000000,2440000
2021-05-18 00:00:01.268000,1.09247,1.09243,1000000,2440000
2021-05-18 00:00:01.523000,1.09247,1.09245,1000000,1250000
2021-05-18 00:00:01.725000,1.09246,1.09245,1000000,1250000
2021-05-18 00:00:01.834000,1.09246,1.09244,1000000,1250000
2021-05-18 00:00:01.986000,1.09246,1.09243,1000000,1250000
2021-05-18 00:00:02.642000,1.09245,1.09243,1000000,1690000
2021-05-18 00:00:03.469000,1.09244,1.09242,1000000,1250000
2021-05-18 00:00:03.571000,1.09244,1.09241,1000000,1760000
2021-05-18 00:00:03.672000,1.09242,1.09240,1000000,1200000
2021-05-18 00:00:03.824000,1.09242,1.09240,1000000,1250000
2021-05-18 00:00:04.231000,1.09243,1.09240,1200000,1690000
2021-05-18 00:00:04.333000,1.09243,1.09241,1000000,1250000
2021-05-18 00:00:05.374000,1.09244,1.09242,1200000,1000000
2021-05-18 00:00:05.475000,1.09245,1.09243,1000000,1690000
2021-05-18 00:00:05.595000,1.09249,1.09246,2550000,1250000
2021-05-18 00:00:05.645000,1.09249,1.09246,1000000,1760000
2021-05-18 00:00:06.710000,1.09250,1.09247,1950000,1000000
2021-05-18 00:00:07.449000,1.09251,1.09247,2510000,2140000
2021-05-18 00:00:07.552000,1.09251,1.09247,1890000,2140000
2021-05-18 00:00:07.759000,1.09251,1.09249,1000000,1250000
2021-05-18 00:00:07.861000,1.09253,1.09251,1000000,1000000
2021-05-18 00:00:07.962000,1.09255,1.09252,1000000,2440000
2021-05-18 00:00:08.064000,1.09257,1.09252,2140000,1000000
2021-05-18 00:00:08.166000,1.09257,1.09254,2540000,1000000
2021-05-18 00:00:08.268000,1.09257,1.09254,1200000,1690000
2021-05-18 00:00:09.093000,1.09257,1.09255,1000000,1010000
2021-05-18 00:00:09.194000,1.09258,1.09256,1000000,1000000
2021-05-18 00:00:10.082000,1.09260,1.09258,1100000,1250000
2021-05-18 00:00:10.133000,1.09261,1.09260,1000000,1250000
2021-05-18 00:00:10.184000,1.09263,1.09261,1000000,1000000
2021-05-18 00:00:10.488000,1.09264,1.09262,1000000,1690000
2021-05-18 00:00:10.639000,1.09263,1.09261,1000000,1690000
2021-05-18 00:00:11.096000,1.09263,1.09260,1200000,1690000
2021-05-18 00:00:11.400000,1.09261,1.09259,1000000,1750000
2021-05-18 00:00:11.552000,1.09261,1.09259,1000000,1000000
2021-05-18 00:00:12.340000,1.09260,1.09258,1000000,1250000
2021-05-18 00:00:12.442000,1.09259,1.09257,1000000,1250000
2021-05-18 00:00:12.593000,1.09258,1.09256,1000000,1250000
2021-05-18 00:00:12.695000,1.09259,1.09256,1500000,1250000
2021-05-18 00:00:12.796000,1.09259,1.09256,1500000,1750000
2021-05-18 00:00:12.897000,1.09260,1.09257,1000000,1690000
2021-05-18 00:00:12.999000,1.09261,1.09258,2890000,1000000
2021-05-18 00:00:13.150000,1.09259,1.09257,1000000,3250000
2021-05-18 00:00:13.652000,1.09260,1.09256,1000000,3190000
2021-05-18 00:00:15.416000,1.09258,1.09256,1000000,1690000
2021-05-18 00:00:15.518000,1.09258,1.09256,1000000,1690000
2021-05-18 00:00:15.821000,1.09258,1.09256,1000000,1950000
2021-05-18 00:00:16.024000,1.09258,1.09256,1000000,1690000
2021-05-18 00:00:16.812000,1.09257,1.09255,1000000,2440000
2021-05-18 00:00:17.115000,1.09258,1.09256,1950000,1250000
2021-05-18 00:00:17.166000,1.09260,1.09257,1410000,1690000
2021-05-18 00:00:17.268000,1.09260,1.09257,1000000,3190000
2021-05-18 00:00:24.444000,1.09260,1.09259,1250000,1000000
2021-05-18 00:00:24.596000,1.09261,1.09259,1000000,1500000
2021-05-18 00:00:24.697000,1.09261,1.09258,1500000,2140000
2021-05-18 00:00:25.991000,1.09260,1.09257,1000000,1690000
2021-05-18 00:00:26.344000,1.09261,1.09259,1250000,1000000
2021-05-18 00:00:26.445000,1.09262,1.09259,1690000,1000000
2021-05-18 00:00:26.596000,1.09261,1.09258,1000000,1760000
2021-05-18 00:00:26.748000,1.09260,1.09258,1250000,1000000
2021-05-18 00:00:26.799000,1.09259,1.09256,1250000,1650000
2021-05-18 00:00:26.850000,1.09260,1.09258,2500000,1000000
2021-05-18 00:00:26.901000,1.09258,1.09256,1000000,1570000
2021-05-18 00:00:27.103000,1.09257,1.09255,1000000,1500000
2021-05-18 00:00:27.850000,1.09258,1.09256,1000000,1570000
2021-05-18 00:00:27.951000,1.09259,1.09256,1250000,1570000
2021-05-18 00:00:28.204000,1.09259,1.09255,1690000,1500000
2021-05-18 00:00:28.305000,1.09258,1.09255,1690000,1500000
2021-05-18 00:00:28.608000,1.09258,1.09256,1000000,2890000
2021-05-18 00:00:28.978000,1.09257,1.09256,1000000,1000000
2021-05-18 00:00:29.087000,1.09257,1.09255,1000000,2440000
2021-05-18 00:00:29.972000,1.09257,1.09256,1000000,1000000
2021-05-18 00:00:31.012000,1.09256,1.09255,1000000,1000000
2021-05-18 00:00:31.264000,1.09258,1.09255,2140000,1000000
2021-05-18 00:00:31.794000,1.09257,1.09252,1450000,8210000
2021-05-18 00:00:31.845000,1.09255,1.09252,1000000,2460000
2021-05-18 00:00:31.946000,1.09254,1.09252,1000000,1010000
2021-05-18 00:00:32.300000,1.09253,1.09251,1000000,1500000
2021-05-18 00:00:33.369000,1.09253,1.09250,1690000,1500000
2021-05-18 00:00:33.672000,1.09254,1.09251,1100000,2890000
2021-05-18 00:00:33.773000,1.09255,1.09250,1000000,2910000
2021-05-18 00:00:33.976000,1.09254,1.09251,1000000,2890000
2021-05-18 00:00:34.481000,1.09257,1.09252,1000000,1250000
2021-05-18 00:00:34.582000,1.09257,1.09255,1100000,2440000
2021-05-18 00:00:34.633000,1.09259,1.09256,2140000,1000000
2021-05-18 00:00:35.871000,1.09260,1.09257,1000000,2140000
2021-05-18 00:00:35.973000,1.09260,1.09257,1000000,3700000
2021-05-18 00:00:36.074000,1.09262,1.09259,1250000,1000000
2021-05-18 00:00:36.176000,1.09263,1.09260,1000000,2890000
2021-05-18 00:00:36.277000,1.09263,1.09261,1000000,1000000
2021-05-18 00:00:36.378000,1.09264,1.09261,1250000,1950000
2021-05-18 00:00:37.358000,1.09264,1.09261,1750000,1500000
2021-05-18 00:00:37.842000,1.09264,1.09261,1250000,1500000
2021-05-18 00:00:38.501000,1.09263,1.09261,1000000,1000000
2021-05-18 00:00:38.602000,1.09264,1.09261,1000000,2290000
2021-05-18 00:00:38.805000,1.09263,1.09261,1000000,2140000
2021-05-18 00:00:41.541000,1.09263,1.09260,1000000,2890000
2021-05-18 00:00:41.693000,1.09262,1.09260,1250000,1200000
2021-05-18 00:00:42.451000,1.09263,1.09261,1000000,1200000
2021-05-18 00:00:48.517000,1.09264,1.09261,1690000,1200000
2021-05-18 00:00:48.619000,1.09264,1.09262,1000000,1390000
2021-05-18 00:00:48.721000,1.09265,1.09262,1000000,3100000
2021-05-18 00:00:49.664000,1.09264,1.09262,1000000,1390000
2021-05-18 00:00:51.962000,1.09265,1.09262,1500000,1390000
2021-05-18 00:00:52.580000,1.09264,1.09262,1000000,1000000
2021-05-18 00:00:55.915000,1.09264,1.09262,1000000,2950000
2021-05-18 00:00:56.016000,1.09265,1.09263,1000000,2950000
2021-05-18 00:00:56.118000,1.09267,1.09263,1000000,1390000
2021-05-18 00:00:56.169000,1.09268,1.09266,1500000,1000000
2021-05-18 00:00:58.358000,1.09271,1.09268,1670000,1690000
2021-05-18 00:00:58.460000,1.09273,1.09271,1200000,1690000
2021-05-18 00:00:58.562000,1.09276,1.09273,1390000,1000000
2021-05-18 00:00:58.612000,1.09277,1.09274,1700000,1750000
2021-05-18 00:00:58.714000,1.09278,1.09276,1500000,1000000
2021-05-18 00:00:58.815000,1.09279,1.09277,1100000,1250000
2021-05-18 00:00:58.917000,1.09281,1.09277,1460000,1690000
2021-05-18 00:00:59.648000,1.09279,1.09277,1000000,1690000
2021-05-18 00:01:00.153000,1.09279,1.09278,1000000,1250000
2021-05-18 00:01:00.419000,1.09279,1.09277,1000000,2890000
2021-05-18 00:01:01.952000,1.09280,1.09277,1000000,2510000
2021-05-18 00:01:02.053000,1.09281,1.09278,1000000,2510000
2021-05-18 00:01:02.155000,1.09283,1.09280,1100000,2510000
2021-05-18 00:01:02.256000,1.09284,1.09282,1000000,1760000
2021-05-18 00:01:03.759000,1.09285,1.09283,1000000,1690000
2021-05-18 00:01:03.911000,1.09285,1.09282,1000000,2140000
2021-05-18 00:01:04.118000,1.09283,1.09281,1000000,1500000
2021-05-18 00:01:04.220000,1.09282,1.09280,1000000,1010000
2021-05-18 00:01:04.322000,1.09284,1.09281,2140000,1000000
2021-05-18 00:01:04.373000,1.09282,1.09280,1000000,1010000
2021-05-18 00:01:04.475000,1.09282,1.09281,1000000,1000000
2021-05-18 00:01:04.577000,1.09284,1.09281,1000000,1690000
2021-05-18 00:01:05.294000,1.09280,1.09278,1000000,1100000
2021-05-18 00:01:05.497000,1.09279,1.09276,1000000,1870000
2021-05-18 00:01:05.750000,1.09280,1.09277,2140000,1000000
2021-05-18 00:01:06.074000,1.09278,1.09276,1390000,1000000
2021-05-18 00:01:06.126000,1.09279,1.09277,1460000,1000000
2021-05-18 00:01:06.227000,1.09275,1.09273,1250000,1000000
2021-05-18 00:01:06.329000,1.09278,1.09275,2210000,1000000
2021-05-18 00:01:07.405000,1.09280,1.09276,2140000,1000000
2021-05-18 00:01:07.506000,1.09281,1.09277,3920000,1000000
2021-05-18 00:01:07.810000,1.09281,1.09278,1010000,1000000
2021-05-18 00:01:09.979000,1.09280,1.09277,1000000,1690000
2021-05-18 00:01:11.968000,1.09282,1.09279,2960000,1500000
2021-05-18 00:01:12.634000,1.09284,1.09279,1200000,1690000
2021-05-18 00:01:12.735000,1.09283,1.09281,1000000,1000000
2021-05-18 00:01:12.887000,1.09285,1.09281,1200000,1000000
2021-05-18 00:01:14.425000,1.09284,1.09282,2200000,1000000
2021-05-18 00:01:14.526000,1.09284,1.09282,1250000,1000000
2021-05-18 00:01:15.232000,1.09284,1.09282,2200000,1000000
2021-05-18 00:01:15.333000,1.09284,1.09282,1250000,1000000
2021-05-18 00:01:15.846000,1.09285,1.09280,1250000,1500000
2021-05-18 00:01:15.999000,1.09284,1.09281,2200000,1500000
2021-05-18 00:01:16.831000,1.09282,1.09279,1000000,1500000
2021-05-18 00:01:16.933000,1.09281,1.09279,1000000,1000000
2021-05-18 00:01:17.034000,1.09279,1.09276,1000000,6440000
2021-05-18 00:01:17.136000,1.09279,1.09276,1250000,1500000
2021-05-18 00:01:17.237000,1.09278,1.09274,1000000,4260000
2021-05-18 00:01:17.338000,1.09277,1.09274,1000000,3890000
2021-05-18 00:01:17.666000,1.09277,1.09274,1000000,3190000
2021-05-18 00:01:17.767000,1.09277,1.09274,1000000,3440000
2021-05-18 00:01:18.532000,1.09276,1.09272,1390000,1690000
2021-05-18 00:01:18.634000,1.09276,1.09273,1390000,1000000
2021-05-18 00:01:19.217000,1.09273,1.09270,1000000,7260000
2021-05-18 00:01:20.095000,1.09273,1.09270,1000000,1250000
2021-05-18 00:01:21.619000,1.09272,1.09269,1250000,1000000
2021-05-18 00:01:21.720000,1.09268,1.09266,1000000,1570000
2021-05-18 00:01:21.821000,1.09267,1.09264,1000000,1760000
2021-05-18 00:01:21.872000,1.09267,1.09266,1000000,1000000
2021-05-18 00:01:21.974000,1.09268,1.09267,1000000,1000000
2021-05-18 00:01:22.025000,1.09270,1.09267,1000000,1100000
2021-05-18 00:01:22.179000,1.09270,1.09268,1000000,1000000
2021-05-18 00:01:22.283000,1.09271,1.09269,1000000,1000000
2021-05-18 00:01:22.740000,1.09272,1.09269,1000000,1760000
2021-05-18 00:01:23.250000,1.09271,1.09269,1000000,1570000
2021-05-18 00:01:27.891000,1.09271,1.09269,1000000,1000000
2021-05-18 00:01:27.942000,1.09270,1.09266,1000000,1000000
2021-05-18 00:01:28.043000,1.09268,1.09265,1000000,1100000
2021-05-18 00:01:29.251000,1.09268,1.09266,1000000,1000000
2021-05-18 00:01:33.431000,1.09268,1.09266,1000000,1000000
2021-05-18 00:01:35.679000,1.09270,1.09267,2440000,1000000
2021-05-18 00:01:35.832000,1.09269,1.09266,1000000,1570000
2021-05-18 00:01:39.134000,1.09269,1.09267,1000000,1000000
2021-05-18 00:01:39.236000,1.09270,1.09267,1000000,1570000
2021-05-18 00:01:39.387000,1.09271,1.09267,1000000,1760000
2021-05-18 00:01:39.830000,1.09271,1.09268,1000000,1000000
2021-05-18 00:01:40.653000,1.09272,1.09271,1690000,1000000
2021-05-18 00:01:41.419000,1.09274,1.09272,1000000,1000000
2021-05-18 00:01:41.520000,1.09275,1.09273,1000000,1000000
2021-05-18 00:01:41.722000,1.09274,1.09272,1000000,1000000
2021-05-18 00:01:45.394000,1.09276,1.09274,1690000,1500000
2021-05-18 00:01:45.495000,1.09277,1.09274,1100000,2700000
2021-05-18 00:01:45.596000,1.09277,1.09276,1000000,1000000
2021-05-18 00:01:45.748000,1.09278,1.09276,1000000,1000000
2021-05-18 00:01:48.519000,1.09274,1.09272,1000000,1000000
2021-05-18 00:01:48.621000,1.09273,1.09271,1000000,1500000
2021-05-18 00:01:48.724000,1.09272,1.09271,1250000,1000000
2021-05-18 00:01:49.028000,1.09272,1.09270,1250000,1000000
2021-05-18 00:01:55.696000,1.09272,1.09269,1250000,2250000
2021-05-18 00:01:59.020000,1.09272,1.09270,1250000,1000000
2021-05-18 00:02:00.781000,1.09273,1.09272,1000000,1000000
2021-05-18 00:02:00.883000,1.09274,1.09273,1000000,1000000
2021-05-18 00:02:01.844000,1.09275,1.09273,1000000,1120000
2021-05-18 00:02:01.945000,1.09276,1.09274,1000000,1000000
2021-05-18 00:02:02.046000,1.09276,1.09275,1000000,1000000
2021-05-18 00:02:02.147000,1.09278,1.09275,2440000,1000000
2021-05-18 00:02:02.725000,1.09277,1.09275,1250000,1000000
2021-05-18 00:02:02.827000,1.09277,1.09274,2890000,1000000
2021-05-18 00:02:02.928000,1.09275,1.09274,1000000,1000000
2021-05-18 00:02:03.644000,1.09275,1.09271,1000000,1000000
2021-05-18 00:02:04.229000,1.09273,1.09272,1000000,1000000
2021-05-18 00:02:04.280000,1.09271,1.09267,1250000,1000000
2021-05-18 00:02:04.382000,1.09268,1.09266,1000000,1000000
2021-05-18 00:02:08.869000,1.09267,1.09264,1690000,2250000
2021-05-18 00:02:09.021000,1.09266,1.09263,1690000,2250000
2021-05-18 00:02:09.273000,1.09265,1.09263,1250000,2250000
2021-05-18 00:02:09.374000,1.09263,1.09260,1000000,2320000
2021-05-18 00:02:09.526000,1.09265,1.09260,1760000,1000000
2021-05-18 00:02:10.101000,1.09262,1.09260,1000000,1000000
2021-05-18 00:02:11.414000,1.09263,1.09260,1000000,2620000
2021-05-18 00:02:11.524000,1.09264,1.09261,1000000,2250000
2021-05-18 00:02:11.625000,1.09264,1.09262,1000000,1500000
2021-05-18 00:02:11.726000,1.09264,1.09263,1000000,1000000
2021-05-18 00:02:12.575000,1.09264,1.09262,1000000,1500000
2021-05-18 00:02:12.726000,1.09263,1.09262,1000000,1000000
2021-05-18 00:02:12.828000,1.09263,1.09261,1000000,1000000
2021-05-18 00:02:14.178000,1.09263,1.09260,1000000,2250000
2021-05-18 00:02:14.988000,1.09262,1.09259,1690000,1000000
2021-05-18 00:02:15.089000,1.09260,1.09257,1000000,1000000
2021-05-18 00:02:15.190000,1.09257,1.09254,1000000,1250000
2021-05-18 00:02:15.291000,1.09256,1.09253,1000000,1500000
2021-05-18 00:02:15.393000,1.09255,1.09253,1000000,1000000
2021-05-18 00:02:15.494000,1.09253,1.09249,1000000,1690000
2021-05-18 00:02:15.595000,1.09253,1.09250,1000000,1000000
2021-05-18 00:02:16.161000,1.09254,1.09250,1000000,2810000
2021-05-18 00:02:16.263000,1.09255,1.09250,1000000,1120000
2021-05-18 00:02:17.188000,1.09255,1.09253,1250000,1000000
2021-05-18 00:02:17.898000,1.09256,1.09253,1690000,1000000
2021-05-18 00:02:18.776000,1.09257,1.09255,1000000,1000000
2021-05-18 00:02:19.339000,1.09258,1.09256,1690000,1000000
2021-05-18 00:02:20.600000,1.09260,1.09257,1690000,1000000
2021-05-18 00:02:25.298000,1.09259,1.09256,1000000,2250000
2021-05-18 00:02:26.351000,1.09259,1.09255,1000000,1000000
2021-05-18 00:02:26.402000,1.09257,1.09254,1000000,1500000
2021-05-18 00:02:26.503000,1.09257,1.09252,1000000,1000000
2021-05-18 00:02:26.554000,1.09250,1.09249,1250000,1000000
2021-05-18 00:02:26.605000,1.09248,1.09246,1000000,1250000
2021-05-18 00:02:26.655000,1.09243,1.09241,1000000,1250000
2021-05-18 00:02:26.757000,1.09241,1.09238,1200000,1690000
2021-05-18 00:02:26.858000,1.09240,1.09239,1000000,1000000
2021-05-18 00:02:26.959000,1.09241,1.09240,1250000,1500000
2021-05-18 00:02:27.061000,1.09242,1.09240,1250000,1000000
2021-05-18 00:02:27.957000,1.09243,1.09240,1690000,1500000
2021-05-18 00:02:28.058000,1.09243,1.09241,1690000,1000000
2021-05-18 00:02:29.072000,1.09244,1.09242,1000000,1000000
2021-05-18 00:02:29.123000,1.09246,1.09244,1200000,1250000
2021-05-18 00:02:29.225000,1.09248,1.09245,1000000,1690000
2021-05-18 00:02:29.326000,1.09248,1.09245,1000000,2500000
2021-05-18 00:02:30.235000,1.09248,1.09245,1000000,2870000
2021-05-18 00:02:31.580000,1.09248,1.09245,1000000,2500000
2021-05-18 00:02:33.367000,1.09250,1.09245,1950000,1250000
2021-05-18 00:02:33.920000,1.09250,1.09246,1000000,1000000
2021-05-18 00:02:35.395000,1.09250,1.09245,1500000,1690000
2021-05-18 00:02:36.084000,1.09247,1.09244,1200000,1690000
2021-05-18 00:02:37.705000,1.09246,1.09243,1000000,3250000
2021-05-18 00:02:37.814000,1.09246,1.09243,1200000,1250000
2021-05-18 00:02:40.133000,1.09247,1.09244,2890000,1500000
2021-05-18 00:02:40.510000,1.09248,1.09245,2140000,2250000
2021-05-18 00:02:40.662000,1.09249,1.09246,1000000,1690000
2021-05-18 00:02:41.029000,1.09251,1.09246,2890000,1000000
2021-05-18 00:02:41.131000,1.09251,1.09249,1000000,1000000
2021-05-18 00:02:41.233000,1.09253,1.09250,3490000,1000000
2021-05-18 00:02:41.334000,1.09253,1.09250,2890000,1000000
2021-05-18 00:02:42.642000,1.09254,1.09249,1750000,1000000
2021-05-18 00:02:42.915000,1.09254,1.09250,2570000,1690000
2021-05-18 00:02:43.214000,1.09254,1.09251,1250000,1690000
2021-05-18 00:02:43.315000,1.09255,1.09252,2500000,1000000
2021-05-18 00:02:43.416000,1.09255,1.09252,1250000,1690000
2021-05-18 00:02:45.343000,1.09254,1.09251,2200000,1500000
2021-05-18 00:02:45.444000,1.09252,1.09249,1000000,2440000
2021-05-18 00:02:45.546000,1.09251,1.09248,1000000,2440000
2021-05-18 00:02:46.553000,1.09250,1.09248,1000000,1250000
2021-05-18 00:02:48.217000,1.09251,1.09248,1000000,1690000
2021-05-18 00:02:49.582000,1.09250,1.09247,1000000,3260000
2021-05-18 00:02:49.634000,1.09248,1.09246,1000000,2440000
2021-05-18 00:02:49.735000,1.09247,1.09245,1000000,1690000
2021-05-18 00:02:51.195000,1.09248,1.09243,2360000,3190000
2021-05-18 00:02:51.246000,1.09245,1.09243,1000000,2440000
2021-05-18 00:02:51.499000,1.09245,1.09242,1000000,2440000
2021-05-18 00:02:51.600000,1.09244,1.09242,1000000,1690000
2021-05-18 00:02:51.956000,1.09247,1.09242,3360000,3640000
2021-05-18 00:02:52.057000,1.09245,1.09243,1000000,1250000
2021-05-18 00:02:52.158000,1.09246,1.09242,1000000,3700000
2021-05-18 00:02:57.154000,1.09244,1.09241,1000000,3700000
2021-05-18 00:02:57.255000,1.09243,1.09241,1000000,1250000
2021-05-18 00:02:57.357000,1.09243,1.09240,1000000,2440000
2021-05-18 00:02:57.511000,1.09243,1.09242,1000000,1250000
2021-05-18 00:02:57.612000,1.09244,1.09241,1100000,2950000
2021-05-18 00:02:57.714000,1.09245,1.09241,1000000,1250000
2021-05-18 00:02:57.865000,1.09243,1.09241,1000000,1690000
2021-05-18 00:02:58.118000,1.09243,1.09240,1000000,1690000
2021-05-18 00:02:59.391000,1.09243,1.09238,1000000,1390000
2021-05-18 00:02:59.492000,1.09241,1.09238,1000000,1250000
2021-05-18 00:02:59.901000,1.09239,1.09236,1000000,2950000
2021-05-18 00:03:00.002000,1.09238,1.09236,1000000,1250000
2021-05-18 00:03:00.356000,1.09239,1.09236,1000000,2200000
2021-05-18 00:03:00.609000,1.09239,1.09236,1000000,3700000
2021-05-18 00:03:01.300000,1.09240,1.09237,1000000,4070000
2021-05-18 00:03:01.351000,1.09242,1.09239,1100000,1250000
2021-05-18 00:03:01.452000,1.09243,1.09240,1220000,1250000
2021-05-18 00:03:01.553000,1.09243,1.09240,1000000,3640000
2021-05-18 00:03:01.656000,1.09244,1.09241,1100000,3260000
2021-05-18 00:03:01.757000,1.09244,1.09242,1000000,1250000
2021-05-18 00:03:01.859000,1.09243,1.09242,1000000,1250000
2021-05-18 00:03:02.867000,1.09246,1.09243,1100000,1250000
2021-05-18 00:03:02.968000,1.09246,1.09244,1000000,1250000
2021-05-18 00:03:06.559000,1.09246,1.09243,1000000,1690000
2021-05-18 00:03:06.661000,1.09245,1.09242,1000000,2440000
2021-05-18 00:03:06.712000,1.09244,1.09240,1000000,1690000
2021-05-18 00:03:07.167000,1.09243,1.09241,1000000,2500000
2021-05-18 00:03:07.319000,1.09245,1.09241,1200000,3250000
2021-05-18 00:03:07.420000,1.09244,1.09241,1000000,2500000
2021-05-18 00:03:08.638000,1.09244,1.09241,1000000,1250000
2021-05-18 00:03:09.569000,1.09244,1.09241,1000000,3320000
2021-05-18 00:03:09.670000,1.09245,1.09241,1000000,3320000
2021-05-18 00:03:09.874000,1.09246,1.09243,1000000,1250000
2021-05-18 00:03:10.076000,1.09245,1.09242,1000000,1250000
2021-05-18 00:03:10.127000,1.09243,1.09242,1000000,1250000
2021-05-18 00:03:10.279000,1.09244,1.09242,1000000,1250000
2021-05-18 00:03:10.380000,1.09244,1.09242,1000000,1250000
2021-05-18 00:03:12.427000,1.09245,1.09242,1000000,1820000
2021-05-18 00:03:13.312000,1.09247,1.09243,1390000,1760000
2021-05-18 00:03:13.427000,1.09247,1.09243,1000000,2970000
2021-05-18 00:03:15.173000,1.09248,1.09244,1690000,2160000
2021-05-18 00:03:15.578000,1.09247,1.09244,1000000,2220000
2021-05-18 00:03:15.679000,1.09246,1.09244,1000000,1350000
2021-05-18 00:03:15.781000,1.09246,1.09243,1000000,3700000
2021-05-18 00:03:15.885000,1.09246,1.09243,1000000,1760000
2021-05-18 00:03:15.986000,1.09245,1.09243,1250000,1000000
2021-05-18 00:03:16.087000,1.09244,1.09241,1000000,2510000
2021-05-18 00:03:16.493000,1.09244,1.09241,1000000,2970000
2021-05-18 00:03:16.847000,1.09245,1.09241,1000000,3350000
2021-05-18 00:03:16.948000,1.09245,1.09241,1000000,3850000
2021-05-18 00:03:18.813000,1.09245,1.09242,1000000,1010000
2021-05-18 00:03:18.915000,1.09245,1.09242,1000000,1470000
2021-05-18 00:03:21.150000,1.09246,1.09243,1000000,2220000
2021-05-18 00:03:21.252000,1.09247,1.09244,1000000,1010000
2021-05-18 00:03:22.227000,1.09247,1.09244,1000000,1350000
2021-05-18 00:03:24.135000,1.09249,1.09245,1000000,1000000
2021-05-18 00:03:28.544000,1.09249,1.09247,1000000,1000000
2021-05-18 00:03:29.183000,1.09249,1.09248,1000000,1250000
2021-05-18 00:03:29.234000,1.09252,1.09247,1000000,2140000
2021-05-18 00:03:29.285000,1.09252,1.09250,1200000,1250000
2021-05-18 00:03:29.336000,1.09254,1.09251,1950000,1000000
2021-05-18 00:03:29.488000,1.09254,1.09252,1000000,1690000
2021-05-18 00:03:31.273000,1.09256,1.09252,3300000,1690000
2021-05-18 00:03:31.425000,1.09256,1.09252,2770000,1760000
2021-05-18 00:03:31.526000,1.09255,1.09253,1000000,1000000
2021-05-18 00:03:35.164000,1.09257,1.09252,1000000,2890000
2021-05-18 00:03:35.265000,1.09256,1.09254,1000000,1250000
2021-05-18 00:03:37.041000,1.09257,1.09254,1000000,1690000
2021-05-18 00:03:38.121000,1.09257,1.09255,1000000,1250000
2021-05-18 00:03:38.223000,1.09257,1.09256,1000000,1000000
2021-05-18 00:03:38.274000,1.09259,1.09256,2510000,1000000
2021-05-18 00:03:38.425000,1.09259,1.09256,3770000,1000000
2021-05-18 00:03:41.270000,1.09258,1.09255,1250000,1000000
2021-05-18 00:03:41.689000,1.09258,1.09256,1000000,1250000
2021-05-18 00:03:42.069000,1.09259,1.09256,1500000,1690000
2021-05-18 00:03:44.248000,1.09258,1.09256,1010000,1000000
2021-05-18 00:03:44.350000,1.09258,1.09255,1760000,1000000
2021-05-18 00:03:45.429000,1.09257,1.09254,1200000,1690000
2021-05-18 00:03:45.530000,1.09258,1.09255,2240000,1000000
2021-05-18 00:03:45.632000,1.09258,1.09256,1100000,1000000
2021-05-18 00:03:46.606000,1.09257,1.09255,1000000,1000000
2021-05-18 00:03:46.881000,1.09258,1.09256,1000000,1000000
2021-05-18 00:03:47.097000,1.09256,1.09255,1250000,1000000
2021-05-18 00:03:47.148000,1.09255,1.09252,2240000,1000000
2021-05-18 00:03:47.250000,1.09254,1.09252,1000000,1000000
2021-05-18 00:03:47.807000,1.09255,1.09253,1100000,1000000
2021-05-18 00:03:53.109000,1.09256,1.09253,1650000,1690000
2021-05-18 00:03:54.374000,1.09256,1.09253,2990000,1000000
2021-05-18 00:04:00.079000,1.09254,1.09252,2160000,1000000
2021-05-18 00:04:00.181000,1.09254,1.09252,1570000,1000000
2021-05-18 00:04:02.756000,1.09254,1.09253,1500000,1250000
2021-05-18 00:04:02.858000,1.09255,1.09253,1000000,1690000
2021-05-18 00:04:02.909000,1.09258,1.09256,1500000,1000000
2021-05-18 00:04:03.011000,1.09259,1.09257,1000000,1250000
2021-05-18 00:04:09.375000,1.09259,1.09256,1100000,1690000
2021-05-18 00:04:09.971000,1.09258,1.09256,1100000,1000000
2021-05-18 00:04:10.072000,1.09258,1.09255,1100000,1690000
2021-05-18 00:04:12.430000,1.09259,1.09257,1570000,1250000
2021-05-18 00:04:13.448000,1.09258,1.09256,1000000,1250000
2021-05-18 00:04:17.530000,1.09258,1.09255,1500000,2140000
2021-05-18 00:04:26.046000,1.09258,1.09255,1000000,2200000
2021-05-18 00:04:26.477000,1.09258,1.09256,1000000,2200000
2021-05-18 00:04:26.630000,1.09260,1.09257,1270000,2500000
2021-05-18 00:04:29.082000,1.09261,1.09258,1100000,1250000
2021-05-18 00:04:29.183000,1.09261,1.09258,1100000,1750000
2021-05-18 00:04:29.285000,1.09262,1.09260,1000000,1250000
2021-05-18 00:04:29.436000,1.09263,1.09261,1000000,1250000
2021-05-18 00:04:29.588000,1.09265,1.09262,1760000,1000000
2021-05-18 00:04:30.802000,1.09265,1.09262,1000000,2200000
2021-05-18 00:04:31.425000,1.09267,1.09263,6360000,1250000
2021-05-18 00:04:32.311000,1.09266,1.09263,2910000,1000000
2021-05-18 00:04:32.832000,1.09266,1.09263,2510000,1000000
2021-05-18 00:04:34.463000,1.09264,1.09262,1000000,1000000
2021-05-18 00:04:37.113000,1.09263,1.09261,1000000,1500000
2021-05-18 00:04:37.433000,1.09263,1.09261,2950000,1000000
2021-05-18 00:04:37.483000,1.09260,1.09258,1000000,1000000
2021-05-18 00:04:38.015000,1.09259,1.09257,1000000,1250000
2021-05-18 00:04:41.926000,1.09259,1.09256,1250000,1760000
2021-05-18 00:04:43.610000,1.09258,1.09256,1000000,1010000
2021-05-18 00:04:43.711000,1.09258,1.09255,1390000,1250000
2021-05-18 00:04:43.762000,1.09254,1.09253,1000000,1000000
2021-05-18 00:04:43.863000,1.09253,1.09251,1000000,1820000
2021-05-18 00:04:44.066000,1.09253,1.09251,1000000,1250000
2021-05-18 00:04:46.961000,1.09253,1.09251,1000000,1250000
2021-05-18 00:04:48.066000,1.09253,1.09250,1000000,3320000
2021-05-18 00:04:48.269000,1.09253,1.09250,1250000,1690000
2021-05-18 00:04:52.680000,1.09253,1.09250,1000000,1750000
2021-05-18 00:04:52.782000,1.09252,1.09250,1000000,1250000
2021-05-18 00:05:08.816000,1.09253,1.09251,1000000,1250000
2021-05-18 00:05:10.666000,1.09253,1.09250,1000000,1250000
2021-05-18 00:05:10.767000,1.09250,1.09247,1000000,4070000
2021-05-18 00:05:18.016000,1.09250,1.09247,1250000,1000000
2021-05-18 00:05:18.269000,1.09249,1.09246,1690000,1000000
2021-05-18 00:05:18.372000,1.09248,1.09245,1000000,2570000
2021-05-18 00:05:19.566000,1.09248,1.09245,1250000,1760000
2021-05-18 00:05:22.839000,1.09246,1.09243,2660000,1250000
2021-05-18 00:05:22.940000,1.09244,1.09241,1000000,2220000
2021-05-18 00:05:23.345000,1.09242,1.09239,1000000,2760000
2021-05-18 00:05:23.446000,1.09241,1.09239,1000000,1250000
2021-05-18 00:05:23.547000,1.09241,1.09239,1000000,1820000
2021-05-18 00:05:23.649000,1.09243,1.09240,1250000,1010000
2021-05-18 00:05:24.103000,1.09243,1.09241,1000000,1250000
2021-05-18 00:05:24.204000,1.09243,1.09240,1250000,1010000
2021-05-18 00:05:33.854000,1.09242,1.09239,1250000,1760000
2021-05-18 00:05:35.488000,1.09243,1.09239,1390000,2570000
2021-05-18 00:05:36.009000,1.09243,1.09239,2200000,1760000
2021-05-18 00:05:36.110000,1.09241,1.09238,1250000,1010000
2021-05-18 00:05:36.262000,1.09241,1.09236,1250000,1010000
2021-05-18 00:05:36.363000,1.09240,1.09237,1000000,1820000
2021-05-18 00:05:36.642000,1.09241,1.09238,1310000,1010000
2021-05-18 00:05:36.845000,1.09241,1.09238,1000000,1820000
2021-05-18 00:05:36.947000,1.09243,1.09237,1250000,2220000
2021-05-18 00:05:37.468000,1.09242,1.09239,1250000,2160000
2021-05-18 00:05:39.298000,1.09246,1.09242,1460000,1390000
2021-05-18 00:05:39.349000,1.09244,1.09242,1000000,1010000
2021-05-18 00:05:40.529000,1.09244,1.09241,1000000,2510000
2021-05-18 00:05:40.631000,1.09244,1.09242,1000000,1010000
2021-05-18 00:05:44.862000,1.09244,1.09241,1250000,1570000
2021-05-18 00:05:52.370000,1.09244,1.09241,1000000,2910000
2021-05-18 00:05:53.011000,1.09245,1.09243,1690000,1000000
2021-05-18 00:05:53.112000,1.09248,1.09245,2210000,1500000
2021-05-18 00:05:53.214000,1.09249,1.09246,2910000,1100000
2021-05-18 00:05:53.315000,1.09249,1.09246,1690000,1570000
2021-05-18 00:05:53.467000,1.09250,1.09247,2140000,1000000
2021-05-18 00:05:54.637000,1.09249,1.09247,1250000,1000000
2021-05-18 00:05:54.790000,1.09248,1.09247,1250000,1000000
2021-05-18 00:05:59.712000,1.09248,1.09246,1690000,1500000
2021-05-18 00:06:04.618000,1.09247,1.09246,1250000,1000000
2021-05-18 00:06:04.719000,1.09246,1.09244,2200000,1000000
2021-05-18 00:06:04.821000,1.09245,1.09243,1690000,1000000
2021-05-18 00:06:04.972000,1.09245,1.09244,1250000,1000000
2021-05-18 00:06:05.073000,1.09246,1.09244,1390000,1000000
2021-05-18 00:06:06.857000,1.09245,1.09242,1000000,2890000
2021-05-18 00:06:07.950000,1.09244,1.09242,1000000,1950000
2021-05-18 00:06:10.969000,1.09246,1.09241,1250000,1950000
2021-05-18 00:06:11.196000,1.09245,1.09243,1250000,1000000
2021-05-18 00:06:11.348000,1.09247,1.09242,1390000,1000000
2021-05-18 00:06:11.449000,1.09246,1.09244,1390000,1000000
2021-05-18 00:06:11.550000,1.09247,1.09244,2890000,1000000
2021-05-18 00:06:12.088000,1.09247,1.09244,3040000,1000000
2021-05-18 00:06:18.403000,1.09248,1.09245,1760000,1000000
2021-05-18 00:06:23.244000,1.09249,1.09246,1760000,1000000
2021-05-18 00:06:23.345000,1.09250,1.09248,1760000,1000000
2021-05-18 00:06:23.396000,1.09252,1.09249,1200000,1000000
2021-05-18 00:06:23.497000,1.09252,1.09250,1010000,1000000
2021-05-18 00:06:23.599000,1.09254,1.09251,1550000,1000000
2021-05-18 00:06:27.586000,1.09252,1.09250,1250000,1000000
2021-05-18 00:06:27.687000,1.09252,1.09250,1820000,1000000
2021-05-18 00:06:29.880000,1.09252,1.09249,2970000,1000000
2021-05-18 00:06:31.811000,1.09252,1.09250,1010000,1000000
2021-05-18 00:06:33.819000,1.09254,1.09251,2510000,1000000
2021-05-18 00:06:33.921000,1.09254,1.09252,1010000,1000000
2021-05-18 00:06:34.377000,1.09255,1.09252,1760000,1000000
2021-05-18 00:06:36.444000,1.09254,1.09252,1000000,1000000
2021-05-18 00:06:39.193000,1.09255,1.09253,1250000,1000000
2021-05-18 00:06:39.295000,1.09256,1.09253,1250000,1000000
2021-05-18 00:06:39.397000,1.09257,1.09254,1000000,1000000
2021-05-18 00:06:42.547000,1.09259,1.09256,1100000,1250000
2021-05-18 00:06:42.649000,1.09261,1.09258,2600000,1000000
2021-05-18 00:06:42.750000,1.09262,1.09258,1900000,1200000
2021-05-18 00:06:42.851000,1.09264,1.09259,2240000,1000000
2021-05-18 00:06:46.063000,1.09262,1.09259,2240000,1000000
2021-05-18 00:06:46.356000,1.09260,1.09258,1350000,1000000
2021-05-18 00:06:46.457000,1.09259,1.09256,1010000,1000000
2021-05-18 00:06:46.609000,1.09259,1.09256,3050000,1000000
2021-05-18 00:06:52.432000,1.09259,1.09256,1390000,1000000
2021-05-18 00:06:52.534000,1.09260,1.09257,2140000,1000000
2021-05-18 00:06:52.686000,1.09262,1.09258,4300000,1000000
2021-05-18 00:06:53.098000,1.09262,1.09258,2140000,1390000
2021-05-18 00:06:54.270000,1.09262,1.09259,2140000,1000000
2021-05-18 00:06:54.887000,1.09263,1.09260,1390000,1690000
2021-05-18 00:06:55.685000,1.09264,1.09261,2950000,1000000
2021-05-18 00:06:55.787000,1.09264,1.09261,2140000,1000000
2021-05-18 00:06:55.889000,1.09265,1.09262,1200000,1000000
2021-05-18 00:06:56.049000,1.09266,1.09263,1200000,1250000
2021-05-18 00:06:56.201000,1.09267,1.09264,1390000,1000000
2021-05-18 00:06:58.268000,1.09266,1.09263,1390000,1000000
2021-05-18 00:06:58.370000,1.09265,1.09263,1390000,1000000
2021-05-18 00:06:58.472000,1.09265,1.09262,2140000,1000000
2021-05-18 00:06:58.868000,1.09265,1.09263,1390000,1000000
2021-05-18 00:06:59.020000,1.09266,1.09264,2200000,1000000
2021-05-18 00:06:59.121000,1.09266,1.09262,1390000,2140000
2021-05-18 00:06:59.223000,1.09266,1.09262,1850000,1690000
2021-05-18 00:06:59.324000,1.09266,1.09264,1460000,1000000
2021-05-18 00:07:00.675000,1.09265,1.09263,1390000,1000000
2021-05-18 00:07:00.776000,1.09264,1.09263,1250000,1000000
2021-05-18 00:07:00.877000,1.09265,1.09263,2140000,1000000
2021-05-18 00:07:03.658000,1.09264,1.09262,1000000,1000000
2021-05-18 00:07:03.810000,1.09266,1.09263,2960000,1000000
2021-05-18 00:07:11.201000,1.09265,1.09262,3600000,1000000
2021-05-18 00:07:11.252000,1.09264,1.09260,1200000,1000000
2021-05-18 00:07:11.354000,1.09262,1.09259,2140000,1570000
2021-05-18 00:07:11.908000,1.09260,1.09258,1000000,1010000
2021-05-18 00:07:13.021000,1.09260,1.09257,1000000,1760000
2021-05-18 00:07:13.173000,1.09259,1.09256,1690000,1570000
2021-05-18 00:07:13.274000,1.09258,1.09255,1000000,2510000
2021-05-18 00:07:13.376000,1.09255,1.09253,1000000,1250000
2021-05-18 00:07:28.906000,1.09257,1.09252,1000000,1010000
2021-05-18 00:07:29.007000,1.09257,1.09254,1000000,1820000
2021-05-18 00:07:29.108000,1.09258,1.09256,1000000,1250000
2021-05-18 00:07:29.210000,1.09259,1.09256,1000000,1250000
2021-05-18 00:07:29.932000,1.09260,1.09257,1390000,1000000
2021-05-18 00:07:30.605000,1.09259,1.09256,1000000,1010000
2021-05-18 00:07:31.237000,1.09259,1.09256,1000000,2950000
2021-05-18 00:07:31.338000,1.09260,1.09257,1000000,1250000
2021-05-18 00:07:31.440000,1.09260,1.09257,1000000,1750000
2021-05-18 00:07:31.542000,1.09260,1.09258,1000000,1250000
2021-05-18 00:07:32.549000,1.09260,1.09258,1000000,1250000
2021-05-18 00:07:33.343000,1.09259,1.09257,1000000,1010000
2021-05-18 00:07:33.393000,1.09256,1.09254,1000000,3750000
2021-05-18 00:07:33.495000,1.09254,1.09251,1000000,4760000
2021-05-18 00:07:34.285000,1.09252,1.09251,1000000,1250000
2021-05-18 00:07:34.387000,1.09252,1.09249,1000000,1250000
2021-05-18 00:07:34.488000,1.09251,1.09248,1000000,1250000
2021-05-18 00:07:35.050000,1.09252,1.09249,1000000,2870000
2021-05-18 00:07:35.102000,1.09253,1.09251,1000000,1250000
2021-05-18 00:07:35.203000,1.09254,1.09251,1000000,1250000
2021-05-18 00:07:35.304000,1.09255,1.09251,1000000,1250000
2021-05-18 00:07:37.713000,1.09254,1.09251,1000000,1250000
2021-05-18 00:07:37.916000,1.09252,1.09250,1000000,1250000
2021-05-18 00:07:38.018000,1.09252,1.09247,2100000,5910000
2021-05-18 00:07:38.069000,1.09250,1.09246,1000000,2160000
2021-05-18 00:07:38.170000,1.09248,1.09246,1000000,1250000
2021-05-18 00:07:38.272000,1.09249,1.09244,1000000,2270000
2021-05-18 00:07:38.526000,1.09247,1.09245,1000000,1250000
2021-05-18 00:07:38.576000,1.09248,1.09245,1000000,1250000
2021-05-18 00:07:38.679000,1.09249,1.09245,1200000,1750000
2021-05-18 00:07:38.730000,1.09247,1.09245,1000000,1250000
2021-05-18 00:07:38.832000,1.09248,1.09246,1000000,1250000
2021-05-18 00:07:38.933000,1.09248,1.09246,1000000,1250000
2021-05-18 00:07:39.035000,1.09247,1.09245,1000000,1350000
2021-05-18 00:07:39.137000,1.09248,1.09246,1000000,1250000
2021-05-18 00:07:39.239000,1.09248,1.09246,1000000,1250000
2021-05-18 00:07:39.290000,1.09247,1.09245,1000000,1390000
2021-05-18 00:07:39.392000,1.09247,1.09245,1000000,1750000
2021-05-18 00:07:39.544000,1.09248,1.09245,1000000,2950000
2021-05-18 00:07:39.646000,1.09248,1.09246,1000000,1250000
2021-05-18 00:07:41.875000,1.09249,1.09246,1000000,2200000
2021-05-18 00:07:44.641000,1.09250,1.09244,1200000,1750000
2021-05-18 00:07:44.692000,1.09246,1.09244,1000000,1120000
2021-05-18 00:07:44.793000,1.09244,1.09242,1000000,1250000
2021-05-18 00:07:44.945000,1.09245,1.09242,1000000,1250000
2021-05-18 00:07:45.465000,1.09245,1.09243,1000000,1010000
2021-05-18 00:07:46.587000,1.09247,1.09242,1000000,2160000
2021-05-18 00:07:46.688000,1.09248,1.09244,1200000,2570000
2021-05-18 00:07:46.790000,1.09248,1.09245,1000000,1820000
2021-05-18 00:07:46.891000,1.09248,1.09246,1000000,1350000
2021-05-18 00:07:46.993000,1.09249,1.09246,1000000,1350000
2021-05-18 00:07:50.469000,1.09248,1.09246,1000000,1010000
2021-05-18 00:07:50.571000,1.09246,1.09244,1000000,1690000
2021-05-18 00:07:50.672000,1.09245,1.09243,1000000,1250000
2021-05-18 00:07:54.127000,1.09245,1.09242,2950000,1500000
2021-05-18 00:07:54.229000,1.09243,1.09240,1000000,1350000
2021-05-18 00:07:54.802000,1.09243,1.09240,1000000,1250000
2021-05-18 00:07:56.818000,1.09243,1.09240,1000000,1250000
2021-05-18 00:07:56.919000,1.09241,1.09239,1000000,1250000
2021-05-18 00:07:57.576000,1.09242,1.09239,1000000,1250000
2021-05-18 00:08:04.064000,1.09242,1.09240,1000000,1250000
2021-05-18 00:08:05.189000,1.09241,1.09239,1000000,1000000
2021-05-18 00:08:05.340000,1.09241,1.09238,1000000,1690000
2021-05-18 00:08:05.442000,1.09243,1.09241,1000000,1250000
2021-05-18 00:08:05.543000,1.09245,1.09243,1100000,1250000
2021-05-18 00:08:05.644000,1.09246,1.09244,1000000,1250000
2021-05-18 00:08:05.746000,1.09247,1.09244,1500000,1690000
2021-05-18 00:08:06.567000,1.09248,1.09245,1000000,1690000
2021-05-18 00:08:06.670000,1.09249,1.09244,1000000,1750000
2021-05-18 00:08:07.717000,1.09248,1.09245,1000000,2440000
2021-05-18 00:08:08.690000,1.09248,1.09244,1000000,1250000
2021-05-18 00:08:08.791000,1.09247,1.09244,1000000,1500000
2021-05-18 00:08:16.256000,1.09247,1.09245,1000000,1250000
2021-05-18 00:08:17.310000,1.09248,1.09245,1200000,1690000
2021-05-18 00:08:26.800000,1.09245,1.09243,1000000,2510000
2021-05-18 00:08:26.952000,1.09244,1.09241,1950000,1250000
2021-05-18 00:08:27.054000,1.09243,1.09241,1000000,1350000
2021-05-18 00:08:27.105000,1.09242,1.09240,1000000,1690000
2021-05-18 00:08:29.612000,1.09241,1.09239,1000000,1010000
2021-05-18 00:08:29.713000,1.09241,1.09237,1000000,1010000
2021-05-18 00:08:29.764000,1.09237,1.09236,1000000,1250000
2021-05-18 00:08:29.866000,1.09239,1.09235,1000000,1010000
2021-05-18 00:08:29.916000,1.09237,1.09234,1000000,1010000
2021-05-18 00:08:29.967000,1.09237,1.09236,1000000,1250000
2021-05-18 00:08:30.068000,1.09237,1.09235,1000000,1010000
2021-05-18 00:08:30.170000,1.09238,1.09235,1000000,1350000
2021-05-18 00:08:30.272000,1.09238,1.09236,1000000,1250000
2021-05-18 00:08:30.373000,1.09237,1.09235,1000000,1350000
2021-05-18 00:08:30.474000,1.09238,1.09235,1000000,1270000
2021-05-18 00:08:30.575000,1.09237,1.09234,1200000,2160000
2021-05-18 00:08:30.677000,1.09236,1.09232,1000000,1010000
2021-05-18 00:08:31.043000,1.09235,1.09232,1000000,2510000
2021-05-18 00:08:31.249000,1.09234,1.09232,1000000,1000000
2021-05-18 00:08:31.300000,1.09233,1.09229,1250000,8070000
2021-05-18 00:08:31.587000,1.09232,1.09230,1000000,1010000
2021-05-18 00:08:31.918000,1.09232,1.09228,1000000,3800000
2021-05-18 00:08:32.019000,1.09231,1.09228,1000000,2220000
2021-05-18 00:08:32.121000,1.09230,1.09227,1000000,5700000
2021-05-18 00:08:32.759000,1.09230,1.09227,1000000,1470000
2021-05-18 00:08:32.911000,1.09229,1.09226,1000000,4550000
2021-05-18 00:08:33.164000,1.09230,1.09227,1000000,1350000
2021-05-18 00:08:33.874000,1.09230,1.09226,1000000,1760000
2021-05-18 00:08:35.329000,1.09231,1.09228,1000000,1410000
2021-05-18 00:08:35.380000,1.09232,1.09228,1250000,2540000
2021-05-18 00:08:35.481000,1.09232,1.09229,1000000,1470000
2021-05-18 00:08:35.583000,1.09233,1.09230,1000000,1010000
2021-05-18 00:08:36.201000,1.09232,1.09228,1000000,4670000
2021-05-18 00:08:36.302000,1.09230,1.09226,1000000,4950000
2021-05-18 00:08:36.454000,1.09230,1.09226,1250000,1390000
2021-05-18 00:08:36.557000,1.09228,1.09225,1000000,2290000
2021-05-18 00:08:36.658000,1.09228,1.09225,1000000,2140000
2021-05-18 00:08:37.297000,1.09228,1.09226,1000000,1250000
2021-05-18 00:08:37.398000,1.09231,1.09226,1000000,2140000
2021-05-18 00:08:37.449000,1.09231,1.09229,1000000,1250000
2021-05-18 00:08:37.550000,1.09232,1.09229,1000000,1890000
2021-05-18 00:08:37.652000,1.09231,1.09228,1000000,1010000
2021-05-18 00:08:37.753000,1.09230,1.09226,1000000,2650000
2021-05-18 00:08:42.139000,1.09230,1.09226,1690000,1760000
2021-05-18 00:08:42.241000,1.09230,1.09226,1000000,2200000
2021-05-18 00:08:42.568000,1.09230,1.09227,1000000,1450000
2021-05-18 00:08:42.720000,1.09231,1.09228,1000000,3700000
2021-05-18 00:08:42.871000,1.09232,1.09229,1000000,2950000
2021-05-18 00:08:43.079000,1.09231,1.09228,1000000,2610000
2021-05-18 00:08:43.281000,1.09231,1.09225,1000000,3100000
2021-05-18 00:08:43.382000,1.09231,1.09225,1690000,2140000
2021-05-18 00:08:46.158000,1.09230,1.09226,1500000,2950000
2021-05-18 00:08:46.259000,1.09230,1.09227,1000000,2950000
2021-05-18 00:08:46.361000,1.09233,1.09228,1000000,1250000
2021-05-18 00:08:47.369000,1.09234,1.09229,1500000,2510000
2021-05-18 00:08:47.470000,1.09231,1.09228,1000000,3860000
2021-05-18 00:08:47.571000,1.09230,1.09227,1000000,2290000
2021-05-18 00:08:47.673000,1.09230,1.09227,1000000,2140000
2021-05-18 00:08:55.148000,1.09232,1.09228,1000000,1390000
2021-05-18 00:08:55.250000,1.09233,1.09229,1690000,3410000
2021-05-18 00:08:55.351000,1.09234,1.09229,1000000,2290000
2021-05-18 00:08:55.453000,1.09235,1.09229,1690000,3040000
2021-05-18 00:08:55.554000,1.09233,1.09229,1000000,5820000
2021-05-18 00:08:55.657000,1.09233,1.09229,1000000,5070000
2021-05-18 00:08:56.169000,1.09231,1.09228,1000000,6170000
2021-05-18 00:08:56.270000,1.09231,1.09228,1000000,2210000
2021-05-18 00:08:57.107000,1.09231,1.09228,1000000,2200000
2021-05-18 00:08:58.591000,1.09232,1.09229,1500000,1390000
2021-05-18 00:08:59.294000,1.09232,1.09227,1000000,2140000
2021-05-18 00:08:59.409000,1.09230,1.09228,1000000,1200000
2021-05-18 00:08:59.510000,1.09230,1.09227,1000000,2140000
2021-05-18 00:09:17.738000,1.09230,1.09227,1000000,2200000
2021-05-18 00:09:17.940000,1.09230,1.09227,1000000,1760000
2021-05-18 00:09:18.593000,1.09229,1.09227,1000000,1200000
2021-05-18 00:09:18.694000,1.09229,1.09226,1200000,1250000
2021-05-18 00:09:20.447000,1.09229,1.09225,1390000,2440000
2021-05-18 00:09:20.755000,1.09228,1.09225,1000000,2440000
2021-05-18 00:09:22.005000,1.09229,1.09226,1000000,2950000
2021-05-18 00:09:22.107000,1.09230,1.09227,1000000,3260000
2021-05-18 00:09:22.320000,1.09231,1.09229,1000000,2500000
2021-05-18 00:09:22.421000,1.09232,1.09230,1000000,1250000
2021-05-18 00:09:22.774000,1.09235,1.09230,2890000,1000000
2021-05-18 00:09:29.448000,1.09234,1.09231,1000000,3040000
2021-05-18 00:09:29.549000,1.09236,1.09235,1000000,1250000
2021-05-18 00:09:29.651000,1.09238,1.09235,1500000,1390000
2021-05-18 00:09:33.799000,1.09238,1.09234,1390000,3070000
2021-05-18 00:09:33.850000,1.09236,1.09234,1000000,2890000
2021-05-18 00:09:33.951000,1.09236,1.09233,1000000,2210000
2021-05-18 00:09:41.370000,1.09234,1.09232,1000000,3040000
2021-05-18 00:09:41.421000,1.09233,1.09231,1000000,1250000
2021-05-18 00:09:41.522000,1.09232,1.09230,1000000,1650000
2021-05-18 00:09:41.623000,1.09231,1.09229,1000000,1250000
2021-05-18 00:09:42.001000,1.09230,1.09228,1000000,1390000
2021-05-18 00:09:47.694000,1.09231,1.09228,1000000,2140000
2021-05-18 00:09:47.795000,1.09233,1.09231,1000000,1250000
2021-05-18 00:09:47.897000,1.09235,1.09230,1500000,1690000
2021-05-18 00:09:51.355000,1.09234,1.09232,1000000,1000000
2021-05-18 00:09:51.457000,1.09235,1.09232,1690000,1000000
2021-05-18 00:09:51.558000,1.09236,1.09233,1500000,1690000
2021-05-18 00:10:06.557000,1.09238,1.09233,1250000,1000000
2021-05-18 00:10:06.709000,1.09238,1.09236,1000000,1250000
2021-05-18 00:10:06.861000,1.09239,1.09237,1000000,1000000
2021-05-18 00:10:09.398000,1.09239,1.09235,1000000,1250000
2021-05-18 00:10:10.352000,1.09241,1.09239,1000000,1000000
2021-05-18 00:10:10.454000,1.09242,1.09240,1570000,1000000
2021-05-18 00:10:11.724000,1.09240,1.09238,1000000,2500000
2021-05-18 00:10:12.290000,1.09240,1.09238,1000000,1000000
2021-05-18 00:10:12.444000,1.09239,1.09237,1000000,1390000
2021-05-18 00:10:16.402000,1.09242,1.09239,1250000,1000000
2021-05-18 00:10:16.453000,1.09239,1.09237,1000000,1390000
2021-05-18 00:10:16.605000,1.09238,1.09236,1000000,1690000
2021-05-18 00:10:18.153000,1.09239,1.09237,1000000,1000000
2021-05-18 00:10:18.305000,1.09240,1.09237,1250000,1000000
2021-05-18 00:10:18.904000,1.09241,1.09239,2950000,1000000
2021-05-18 00:10:21.826000,1.09242,1.09240,1000000,1000000
2021-05-18 00:10:21.927000,1.09242,1.09241,1000000,1000000
2021-05-18 00:10:22.364000,1.09243,1.09241,1000000,1000000
2021-05-18 00:10:26.181000,1.09244,1.09242,1500000,1250000
2021-05-18 00:10:26.282000,1.09245,1.09243,1000000,1250000
2021-05-18 00:10:26.434000,1.09245,1.09242,1000000,1690000
2021-05-18 00:10:27.155000,1.09244,1.09242,1000000,1690000
2021-05-18 00:10:35.259000,1.09245,1.09242,1000000,2200000
2021-05-18 00:10:35.410000,1.09246,1.09244,1500000,1000000
2021-05-18 00:10:37.055000,1.09248,1.09246,1000000,2200000
2021-05-18 00:10:37.105000,1.09250,1.09247,1500000,1250000
2021-05-18 00:10:37.358000,1.09249,1.09246,1200000,1250000
2021-05-18 00:10:39.949000,1.09245,1.09242,1000000,6400000
2021-05-18 00:10:40.051000,1.09247,1.09245,1000000,1250000
2021-05-18 00:10:40.204000,1.09248,1.09246,1100000,1000000
2021-05-18 00:10:40.510000,1.09245,1.09242,1000000,5400000
2021-05-18 00:10:42.298000,1.09244,1.09242,1000000,1690000
2021-05-18 00:10:54.338000,1.09246,1.09244,1000000,3640000
2021-05-18 00:10:54.388000,1.09249,1.09246,1570000,1000000
2021-05-18 00:11:01.233000,1.09249,1.09248,1500000,1250000
2021-05-18 00:11:01.334000,1.09250,1.09248,1100000,1250000
2021-05-18 00:11:01.435000,1.09250,1.09247,1100000,2440000
2021-05-18 00:11:03.092000,1.09248,1.09247,1000000,1250000
2021-05-18 00:11:03.194000,1.09248,1.09246,1000000,2890000
2021-05-18 00:11:04.102000,1.09248,1.09247,1000000,1250000
2021-05-18 00:11:04.153000,1.09250,1.09248,1000000,1250000
2021-05-18 00:11:04.305000,1.09250,1.09247,1570000,1000000
2021-05-18 00:11:19.870000,1.09249,1.09247,1000000,1250000
2021-05-18 00:11:38.722000,1.09250,1.09247,1950000,1250000
2021-05-18 00:11:41.923000,1.09250,1.09247,2100000,1000000
2021-05-18 00:11:42.026000,1.09250,1.09247,1950000,1690000
2021-05-18 00:11:47.556000,1.09249,1.09246,1200000,2440000
2021-05-18 00:11:47.961000,1.09249,1.09247,1000000,1250000
2021-05-18 00:11:48.062000,1.09249,1.09246,1200000,2440000
2021-05-18 00:11:48.163000,1.09249,1.09247,1000000,1250000
2021-05-18 00:11:48.765000,1.09249,1.09246,1000000,2890000
2021-05-18 00:11:51.522000,1.09250,1.09247,1950000,1250000
2021-05-18 00:11:52.397000,1.09251,1.09249,1000000,1250000
2021-05-18 00:11:54.122000,1.09250,1.09248,1000000,1250000
2021-05-18 00:12:01.339000,1.09250,1.09247,1200000,1690000
2021-05-18 00:12:01.490000,1.09249,1.09247,1000000,1250000
2021-05-18 00:12:03.184000,1.09250,1.09245,1200000,1250000
2021-05-18 00:12:03.593000,1.09248,1.09246,1250000,1000000
2021-05-18 00:12:04.199000,1.09249,1.09246,1690000,1200000
2021-05-18 00:12:04.302000,1.09248,1.09246,1250000,1000000
2021-05-18 00:12:04.504000,1.09248,1.09244,1690000,1000000
2021-05-18 00:12:04.656000,1.09246,1.09245,1250000,1000000
2021-05-18 00:12:04.757000,1.09247,1.09245,1690000,1000000
2021-05-18 00:12:08.679000,1.09244,1.09242,1250000,1000000
2021-05-18 00:12:08.932000,1.09243,1.09242,1250000,1000000
2021-05-18 00:12:09.185000,1.09243,1.09241,1250000,1000000
2021-05-18 00:12:10.472000,1.09242,1.09240,1250000,1000000
2021-05-18 00:12:10.624000,1.09239,1.09237,1690000,1100000
2021-05-18 00:12:10.726000,1.09238,1.09236,1250000,1000000
2021-05-18 00:12:10.827000,1.09238,1.09235,2140000,1000000
2021-05-18 00:12:10.928000,1.09237,1.09234,1690000,1100000
2021-05-18 00:12:13.195000,1.09237,1.09234,1750000,1100000
2021-05-18 00:12:13.297000,1.09235,1.09231,1000000,1000000
2021-05-18 00:12:14.643000,1.09236,1.09233,1250000,1000000
2021-05-18 00:12:14.944000,1.09237,1.09234,1760000,1000000
2021-05-18 00:12:15.298000,1.09236,1.09233,1690000,1270000
2021-05-18 00:12:15.400000,1.09235,1.09232,1000000,2140000
2021-05-18 00:12:15.501000,1.09234,1.09229,1000000,5070000
2021-05-18 00:12:15.653000,1.09233,1.09230,1000000,2210000
2021-05-18 00:12:15.755000,1.09233,1.09230,1000000,3700000
2021-05-18 00:12:15.957000,1.09233,1.09230,1000000,2210000
2021-05-18 00:12:16.172000,1.09233,1.09230,1000000,3140000
2021-05-18 00:12:19.620000,1.09232,1.09230,1000000,1000000
2021-05-18 00:12:29.807000,1.09233,1.09232,1000000,1250000
2021-05-18 00:12:30.009000,1.09235,1.09233,1000000,1350000
2021-05-18 00:12:30.313000,1.09235,1.09232,1000000,1900000
2021-05-18 00:12:31.627000,1.09235,1.09233,1000000,1250000
2021-05-18 00:12:35.433000,1.09235,1.09232,1000000,1820000
2021-05-18 00:12:35.534000,1.09233,1.09231,1000000,1820000
2021-05-18 00:12:41.547000,1.09235,1.09232,1000000,2570000
2021-05-18 00:12:42.203000,1.09236,1.09233,1000000,1010000
2021-05-18 00:12:42.305000,1.09236,1.09234,1000000,1010000
2021-05-18 00:12:42.407000,1.09237,1.09235,1000000,1760000
2021-05-18 00:12:42.610000,1.09237,1.09236,1000000,1250000
2021-05-18 00:12:42.964000,1.09237,1.09235,1000000,1000000
2021-05-18 00:12:43.065000,1.09237,1.09233,1000000,1010000
2021-05-18 00:12:46.810000,1.09237,1.09232,1500000,1760000
2021-05-18 00:12:49.189000,1.09236,1.09234,1500000,1250000
2021-05-18 00:12:53.555000,1.09236,1.09233,1690000,1100000
2021-05-18 00:12:53.605000,1.09233,1.09232,1000000,1250000
2021-05-18 00:12:53.707000,1.09233,1.09231,1000000,1760000
2021-05-18 00:13:05.909000,1.09233,1.09232,1000000,1250000
2021-05-18 00:13:06.069000,1.09235,1.09233,2700000,1000000
2021-05-18 00:13:06.273000,1.09235,1.09234,1000000,1250000
2021-05-18 00:13:06.374000,1.09236,1.09234,1000000,1690000
2021-05-18 00:13:23.228000,1.09237,1.09235,1500000,1250000
2021-05-18 00:13:23.279000,1.09238,1.09237,1950000,1250000
2021-05-18 00:13:23.381000,1.09239,1.09235,1950000,1000000
2021-05-18 00:13:23.583000,1.09237,1.09235,1000000,1250000
2021-05-18 00:13:23.736000,1.09238,1.09235,1950000,1690000
2021-05-18 00:13:39.441000,1.09238,1.09236,1500000,1250000
2021-05-18 00:13:39.711000,1.09240,1.09238,1690000,1010000
2021-05-18 00:13:39.813000,1.09242,1.09240,1000000,1690000
2021-05-18 00:13:39.863000,1.09244,1.09241,2020000,1690000
2021-05-18 00:13:39.965000,1.09244,1.09242,1500000,1250000
2021-05-18 00:13:40.607000,1.09244,1.09241,1950000,1690000
2021-05-18 00:13:40.708000,1.09243,1.09240,1500000,1690000
2021-05-18 00:13:44.749000,1.09242,1.09240,1200000,1000000
2021-05-18 00:13:44.800000,1.09240,1.09238,1000000,1690000
2021-05-18 00:13:44.901000,1.09239,1.09238,1000000,1250000
2021-05-18 00:13:45.190000,1.09241,1.09239,1500000,1250000
2021-05-18 00:13:47.281000,1.09240,1.09235,1000000,2500000
2021-05-18 00:13:47.382000,1.09238,1.09236,1000000,1750000
2021-05-18 00:13:47.483000,1.09238,1.09235,1000000,2500000
2021-05-18 00:13:53.383000,1.09238,1.09236,1000000,1250000
2021-05-18 00:13:53.484000,1.09238,1.09235,1000000,2500000
2021-05-18 00:13:55.249000,1.09238,1.09236,1000000,1250000
2021-05-18 00:14:02.664000,1.09238,1.09235,1000000,2950000
2021-05-18 00:14:05.204000,1.09238,1.09236,1000000,1250000
2021-05-18 00:14:05.305000,1.09238,1.09235,1000000,3320000
2021-05-18 00:14:13.566000,1.09238,1.09235,1100000,1690000
2021-05-18 00:14:13.668000,1.09239,1.09234,1970000,1250000
2021-05-18 00:14:13.769000,1.09236,1.09234,1000000,1250000
2021-05-18 00:14:13.870000,1.09235,1.09233,1950000,1000000
2021-05-18 00:14:18.169000,1.09237,1.09234,2700000,1250000
2021-05-18 00:14:20.634000,1.09237,1.09234,1000000,2570000
2021-05-18 00:14:20.735000,1.09238,1.09236,1950000,1000000
2021-05-18 00:14:20.989000,1.09237,1.09234,2060000,1200000
2021-05-18 00:14:21.040000,1.09235,1.09233,1000000,1250000
2021-05-18 00:14:24.895000,1.09235,1.09231,1000000,1250000
2021-05-18 00:14:42.042000,1.09234,1.09232,1000000,1750000
2021-05-18 00:14:42.093000,1.09236,1.09233,1950000,1250000
2021-05-18 00:14:42.194000,1.09237,1.09235,1270000,1000000
2021-05-18 00:14:52.191000,1.09237,1.09235,2200000,1000000
2021-05-18 00:14:52.292000,1.09235,1.09232,2200000,1100000
2021-05-18 00:15:00.412000,1.09235,1.09230,1250000,1950000
2021-05-18 00:15:00.538000,1.09233,1.09229,1000000,1950000
2021-05-18 00:15:04.098000,1.09235,1.09232,1250000,1200000
2021-05-18 00:15:07.601000,1.09236,1.09233,2200000,1000000
2021-05-18 00:15:07.753000,1.09237,1.09233,1250000,1000000
2021-05-18 00:15:07.804000,1.09238,1.09233,1250000,1200000
2021-05-18 00:15:20.445000,1.09237,1.09234,2200000,1000000
2021-05-18 00:15:22.130000,1.09237,1.09234,1250000,1950000
2021-05-18 00:15:32.724000,1.09237,1.09234,2200000,1000000
2021-05-18 00:15:33.871000,1.09237,1.09232,1250000,1570000
2021-05-18 00:15:34.921000,1.09235,1.09232,1390000,1500000
2021-05-18 00:15:41.432000,1.09236,1.09233,2140000,1000000
2021-05-18 00:15:50.965000,1.09235,1.09232,1390000,1500000
2021-05-18 00:15:51.066000,1.09235,1.09232,2950000,1000000
2021-05-18 00:15:56.348000,1.09234,1.09232,2200000,1000000
2021-05-18 00:15:59.172000,1.09234,1.09232,1390000,1000000
2021-05-18 00:16:01.198000,1.09234,1.09232,1750000,1000000
2021-05-18 00:16:01.299000,1.09233,1.09231,1250000,1000000
2021-05-18 00:16:03.115000,1.09232,1.09229,1000000,3790000
2021-05-18 00:16:04.140000,1.09232,1.09229,1000000,2890000
2021-05-18 00:16:08.282000,1.09231,1.09228,1750000,1200000
2021-05-18 00:16:08.384000,1.09228,1.09226,1250000,1270000
2021-05-18 00:16:08.536000,1.09228,1.09224,1000000,1950000
2021-05-18 00:16:08.637000,1.09226,1.09224,1000000,2140000
2021-05-18 00:16:08.738000,1.09226,1.09223,1250000,1950000
2021-05-18 00:16:10.268000,1.09226,1.09224,1000000,2140000
2021-05-18 00:16:10.319000,1.09230,1.09227,1250000,2850000
2021-05-18 00:16:10.420000,1.09231,1.09228,1250000,1200000
2021-05-18 00:16:22.373000,1.09230,1.09227,1250000,1950000
2021-05-18 00:16:29.255000,1.09230,1.09227,1000000,3040000
2021-05-18 00:16:29.357000,1.09235,1.09232,1000000,2140000
2021-05-18 00:16:29.459000,1.09236,1.09234,1500000,1000000
2021-05-18 00:16:29.560000,1.09237,1.09234,1100000,1250000
2021-05-18 00:16:37.060000,1.09234,1.09232,1000000,1950000
2021-05-18 00:16:37.163000,1.09233,1.09231,1000000,1270000
2021-05-18 00:16:41.747000,1.09232,1.09229,1820000,1000000
2021-05-18 00:16:45.802000,1.09234,1.09232,1000000,1850000
2021-05-18 00:16:45.903000,1.09235,1.09233,1000000,1200000
2021-05-18 00:16:46.004000,1.09237,1.09233,1000000,1200000
2021-05-18 00:16:50.235000,1.09236,1.09233,1000000,2890000
2021-05-18 00:16:51.256000,1.09235,1.09233,1000000,2140000
2021-05-18 00:16:52.706000,1.09237,1.09234,1250000,1000000
2021-05-18 00:16:54.841000,1.09239,1.09235,2140000,1000000
2021-05-18 00:17:00.483000,1.09238,1.09237,1000000,1000000
2021-05-18 00:17:00.534000,1.09240,1.09238,1000000,2140000
2021-05-18 00:17:00.585000,1.09241,1.09239,1000000,1250000
2021-05-18 00:17:00.691000,1.09243,1.09240,1000000,2140000
2021-05-18 00:17:00.792000,1.09243,1.09240,1000000,3100000
2021-05-18 00:17:00.843000,1.09245,1.09242,2440000,1000000
2021-05-18 00:17:00.944000,1.09244,1.09242,1000000,1250000
2021-05-18 00:17:05.329000,1.09246,1.09242,1000000,1000000
2021-05-18 00:17:08.255000,1.09245,1.09242,1000000,1390000
2021-05-18 00:17:08.357000,1.09245,1.09242,1000000,2270000
2021-05-18 00:17:08.659000,1.09245,1.09242,1000000,1390000
2021-05-18 00:17:10.240000,1.09246,1.09243,1010000,1000000
2021-05-18 00:17:10.728000,1.09244,1.09241,1000000,2460000
2021-05-18 00:17:10.930000,1.09245,1.09240,1000000,1390000
2021-05-18 00:17:11.032000,1.09243,1.09240,1000000,3170000
2021-05-18 00:17:12.738000,1.09243,1.09240,1000000,2890000
2021-05-18 00:17:18.622000,1.09243,1.09240,1000000,2570000
2021-05-18 00:17:32.007000,1.09243,1.09240,1000000,2890000
2021-05-18 00:17:35.314000,1.09242,1.09240,1000000,1000000
2021-05-18 00:17:36.568000,1.09243,1.09238,1000000,1390000
2021-05-18 00:17:54.039000,1.09239,1.09236,1000000,2990000
2021-05-18 00:17:54.140000,1.09239,1.09236,1690000,1200000
2021-05-18 00:17:54.242000,1.09239,1.09237,1250000,1000000
2021-05-18 00:17:54.393000,1.09241,1.09236,1500000,2160000
2021-05-18 00:17:54.545000,1.09241,1.09238,1250000,1220000
2021-05-18 00:17:58.662000,1.09240,1.09237,1690000,1100000
2021-05-18 00:17:58.764000,1.09239,1.09236,1000000,2590000
2021-05-18 00:17:58.967000,1.09239,1.09234,1000000,2240000
2021-05-18 00:17:59.068000,1.09238,1.09235,1000000,1010000
2021-05-18 00:17:59.220000,1.09238,1.09234,1000000,1010000
2021-05-18 00:17:59.423000,1.09238,1.09235,1000000,1760000
2021-05-18 00:17:59.914000,1.09238,1.09235,1000000,2160000
2021-05-18 00:18:00.116000,1.09242,1.09239,1690000,1100000
2021-05-18 00:18:00.269000,1.09242,1.09239,1000000,2160000
2021-05-18 00:18:00.370000,1.09243,1.09239,1250000,2910000
2021-05-18 00:18:01.790000,1.09241,1.09238,1000000,2990000
2021-05-18 00:18:02.093000,1.09242,1.09239,1690000,1100000
2021-05-18 00:18:02.459000,1.09239,1.09237,1000000,1220000
2021-05-18 00:18:02.560000,1.09238,1.09235,1000000,3420000
2021-05-18 00:18:03.015000,1.09239,1.09236,1690000,1220000
2021-05-18 00:18:03.675000,1.09239,1.09236,1690000,1100000
2021-05-18 00:18:04.283000,1.09239,1.09236,1250000,1220000
2021-05-18 00:18:05.440000,1.09239,1.09236,1250000,1100000
2021-05-18 00:18:06.141000,1.09238,1.09235,1000000,2160000
2021-05-18 00:18:06.395000,1.09240,1.09235,1690000,1220000
2021-05-18 00:18:06.496000,1.09239,1.09236,1690000,1100000
2021-05-18 00:18:07.523000,1.09239,1.09237,1250000,1000000
2021-05-18 00:18:08.853000,1.09239,1.09236,1690000,1100000
2021-05-18 00:18:09.280000,1.09240,1.09238,1690000,1000000
2021-05-18 00:18:09.432000,1.09241,1.09239,1690000,1000000
2021-05-18 00:18:09.534000,1.09241,1.09240,1690000,1000000
2021-05-18 00:18:09.987000,1.09240,1.09238,1250000,1000000
2021-05-18 00:18:15.397000,1.09242,1.09239,1690000,1000000
2021-05-18 00:18:16.129000,1.09242,1.09240,2440000,1000000
2021-05-18 00:18:23.545000,1.09241,1.09238,2440000,1100000
2021-05-18 00:18:23.646000,1.09240,1.09237,1500000,1010000
2021-05-18 00:18:23.748000,1.09238,1.09235,1690000,1220000
2021-05-18 00:18:23.849000,1.09237,1.09235,1690000,1100000
2021-05-18 00:18:29.694000,1.09236,1.09234,1250000,1100000
2021-05-18 00:18:32.826000,1.09235,1.09233,1250000,1100000
2021-05-18 00:18:32.927000,1.09234,1.09232,1690000,1100000
2021-05-18 00:18:33.029000,1.09235,1.09233,1250000,1100000
2021-05-18 00:18:36.907000,1.09236,1.09233,1250000,1000000
2021-05-18 00:18:37.706000,1.09236,1.09234,1690000,1000000
2021-05-18 00:18:43.145000,1.09236,1.09233,2440000,1100000
2021-05-18 00:18:43.760000,1.09235,1.09232,1690000,1100000
2021-05-18 00:18:43.913000,1.09236,1.09231,1690000,1220000
2021-05-18 00:18:49.238000,1.09236,1.09232,2440000,2160000
2021-05-18 00:18:54.807000,1.09236,1.09234,1000000,1250000
2021-05-18 00:19:01.069000,1.09235,1.09234,1000000,1250000
2021-05-18 00:19:01.271000,1.09235,1.09232,1000000,1010000
2021-05-18 00:19:02.511000,1.09236,1.09232,1000000,1250000
2021-05-18 00:19:05.952000,1.09237,1.09234,1000000,1010000
2021-05-18 00:19:06.003000,1.09238,1.09236,1000000,1010000
2021-05-18 00:19:06.104000,1.09239,1.09236,1000000,2240000
2021-05-18 00:19:06.206000,1.09240,1.09239,1000000,1250000
2021-05-18 00:19:06.256000,1.09242,1.09240,1000000,1250000
2021-05-18 00:19:10.032000,1.09243,1.09242,1000000,1010000
2021-05-18 00:19:10.134000,1.09247,1.09242,1000000,2160000
2021-05-18 00:19:10.235000,1.09248,1.09247,1000000,1250000
2021-05-18 00:19:10.337000,1.09248,1.09247,1000000,1250000
2021-05-18 00:19:10.438000,1.09248,1.09246,1000000,1390000
2021-05-18 00:19:12.718000,1.09249,1.09245,1000000,1250000
2021-05-18 00:19:12.819000,1.09247,1.09246,1000000,1250000
2021-05-18 00:19:13.654000,1.09248,1.09247,1000000,1250000
2021-05-18 00:19:14.008000,1.09248,1.09246,1000000,2140000
2021-05-18 00:19:14.615000,1.09248,1.09246,1000000,1390000
2021-05-18 00:19:14.900000,1.09246,1.09244,1000000,1390000
2021-05-18 00:19:15.153000,1.09246,1.09243,1000000,1250000
2021-05-18 00:19:17.167000,1.09247,1.09245,1000000,1250000
2021-05-18 00:19:17.369000,1.09248,1.09245,1200000,1250000
2021-05-18 00:19:18.166000,1.09248,1.09245,1000000,1610000
2021-05-18 00:19:19.901000,1.09249,1.09244,1000000,2210000
2021-05-18 00:19:20.002000,1.09247,1.09245,1000000,1690000
2021-05-18 00:19:20.255000,1.09247,1.09244,1000000,2140000
2021-05-18 00:19:22.268000,1.09247,1.09245,1000000,1250000
2021-05-18 00:19:22.429000,1.09247,1.09244,1000000,2960000
2021-05-18 00:19:25.210000,1.09248,1.09244,1000000,1390000
2021-05-18 00:19:26.933000,1.09248,1.09245,1500000,2210000
2021-05-18 00:19:29.314000,1.09250,1.09247,1000000,3040000
2021-05-18 00:19:29.415000,1.09249,1.09247,1000000,1000000
2021-05-18 00:19:29.517000,1.09248,1.09246,1000000,2140000
2021-05-18 00:19:32.678000,1.09248,1.09245,1000000,2140000
2021-05-18 00:19:36.107000,1.09247,1.09245,1000000,1690000
2021-05-18 00:19:37.203000,1.09252,1.09249,1500000,3660000
2021-05-18 00:19:37.304000,1.09254,1.09252,1000000,1500000
2021-05-18 00:19:37.507000,1.09255,1.09252,1000000,2910000
2021-05-18 00:19:37.608000,1.09258,1.09255,1000000,2160000
2021-05-18 00:19:37.710000,1.09258,1.09255,1000000,2360000
2021-05-18 00:19:37.811000,1.09259,1.09256,1250000,1220000
2021-05-18 00:19:38.115000,1.09258,1.09255,1000000,2160000
2021-05-18 00:19:38.268000,1.09258,1.09253,1000000,3390000
2021-05-18 00:19:39.539000,1.09255,1.09252,1000000,6800000
2021-05-18 00:19:39.741000,1.09255,1.09252,1000000,1490000
2021-05-18 00:19:40.414000,1.09255,1.09252,1000000,3050000
2021-05-18 00:19:42.346000,1.09255,1.09252,1000000,2300000
2021-05-18 00:19:42.836000,1.09254,1.09250,1000000,5070000
2021-05-18 00:19:42.938000,1.09252,1.09250,1000000,2220000
2021-05-18 00:19:42.989000,1.09252,1.09249,1000000,1760000
2021-05-18 00:19:43.141000,1.09250,1.09248,1000000,2160000
2021-05-18 00:19:43.192000,1.09249,1.09247,1000000,1010000
2021-05-18 00:19:44.096000,1.09249,1.09246,1000000,1250000
2021-05-18 00:19:44.197000,1.09248,1.09246,1000000,1250000
2021-05-18 00:19:44.298000,1.09247,1.09245,1000000,1390000
2021-05-18 00:19:44.400000,1.09247,1.09244,1000000,1460000
2021-05-18 00:19:45.592000,1.09246,1.09244,1000000,1200000
2021-05-18 00:19:45.667000,1.09245,1.09242,1000000,1760000
2021-05-18 00:19:45.772000,1.09245,1.09242,1000000,1820000
2021-05-18 00:19:46.552000,1.09244,1.09241,1000000,2640000
2021-05-18 00:19:46.704000,1.09243,1.09240,1000000,2140000
2021-05-18 00:19:46.907000,1.09242,1.09240,1000000,2140000
2021-05-18 00:19:47.008000,1.09242,1.09239,1000000,1250000
2021-05-18 00:19:47.110000,1.09241,1.09239,1000000,1250000
2021-05-18 00:19:47.414000,1.09240,1.09237,1000000,3350000
2021-05-18 00:19:48.826000,1.09239,1.09235,1000000,2140000
2021-05-18 00:19:48.977000,1.09237,1.09234,1000000,2400000
2021-05-18 00:19:49.079000,1.09237,1.09235,1000000,1000000
2021-05-18 00:19:49.231000,1.09237,1.09234,1250000,1000000
2021-05-18 00:19:50.116000,1.09237,1.09234,1000000,2890000
2021-05-18 00:19:50.167000,1.09238,1.09235,1000000,1850000
2021-05-18 00:19:50.269000,1.09240,1.09237,1000000,1850000
2021-05-18 00:19:50.603000,1.09240,1.09237,1000000,3920000
2021-05-18 00:19:51.565000,1.09240,1.09238,1000000,1100000
2021-05-18 00:19:51.772000,1.09241,1.09238,1000000,2290000
2021-05-18 00:19:53.925000,1.09241,1.09238,1000000,1250000
2021-05-18 00:19:54.198000,1.09240,1.09237,1690000,1200000
2021-05-18 00:19:54.300000,1.09237,1.09235,1000000,1970000
2021-05-18 00:19:54.402000,1.09237,1.09234,1690000,1200000
2021-05-18 00:19:54.556000,1.09235,1.09232,1000000,3360000
2021-05-18 00:19:54.657000,1.09235,1.09232,1000000,2210000
2021-05-18 00:19:54.759000,1.09235,1.09230,1000000,4170000
2021-05-18 00:19:54.912000,1.09234,1.09231,1000000,2140000
2021-05-18 00:19:55.014000,1.09234,1.09231,1000000,3110000
2021-05-18 00:19:55.718000,1.09235,1.09232,1000000,2360000
2021-05-18 00:19:56.719000,1.09234,1.09232,1000000,2290000
2021-05-18 00:19:56.821000,1.09234,1.09231,1000000,1700000
2021-05-18 00:20:00.407000,1.09234,1.09231,1000000,4300000
2021-05-18 00:20:01.142000,1.09234,1.09231,1000000,2240000
2021-05-18 00:20:01.243000,1.09233,1.09230,1450000,1970000
2021-05-18 00:20:01.294000,1.09231,1.09229,1000000,1200000
2021-05-18 00:20:01.446000,1.09230,1.09227,1250000,3200000
2021-05-18 00:20:01.497000,1.09229,1.09226,1000000,2160000
2021-05-18 00:20:01.699000,1.09229,1.09226,1000000,3360000
2021-05-18 00:20:01.801000,1.09232,1.09228,1690000,3410000
2021-05-18 00:20:02.462000,1.09233,1.09229,2510000,1390000
2021-05-18 00:20:04.049000,1.09233,1.09230,1690000,1200000
2021-05-18 00:20:07.328000,1.09233,1.09231,1250000,1000000
2021-05-18 00:20:13.358000,1.09231,1.09229,1250000,1100000
2021-05-18 00:20:14.484000,1.09231,1.09228,1500000,1010000
2021-05-18 00:20:14.586000,1.09233,1.09230,1500000,1010000
2021-05-18 00:20:14.687000,1.09235,1.09231,2440000,1000000
2021-05-18 00:20:14.789000,1.09234,1.09232,1250000,1000000
2021-05-18 00:20:14.840000,1.09236,1.09231,1000000,1010000
2021-05-18 00:20:19.638000,1.09235,1.09233,1250000,1000000
2021-05-18 00:20:19.739000,1.09236,1.09234,1010000,1000000
2021-05-18 00:20:24.579000,1.09234,1.09233,1250000,1000000
2021-05-18 00:20:24.629000,1.09233,1.09231,1000000,1000000
2021-05-18 00:20:24.731000,1.09232,1.09230,1250000,1200000
2021-05-18 00:20:24.832000,1.09232,1.09229,1690000,1950000
2021-05-18 00:20:24.933000,1.09233,1.09230,2570000,1000000
2021-05-18 00:20:25.035000,1.09233,1.09230,2510000,1000000
2021-05-18 00:20:25.187000,1.09233,1.09230,2570000,1000000
2021-05-18 00:20:26.782000,1.09232,1.09229,1250000,1950000
2021-05-18 00:20:27.351000,1.09232,1.09229,1250000,1950000
2021-05-18 00:20:28.062000,1.09233,1.09228,1250000,1950000
2021-05-18 00:20:28.214000,1.09233,1.09231,2950000,1000000
2021-05-18 00:20:28.416000,1.09233,1.09231,1690000,1000000
2021-05-18 00:20:30.699000,1.09234,1.09231,1690000,1000000
2021-05-18 00:20:30.800000,1.09235,1.09232,2500000,1200000
2021-05-18 00:20:30.901000,1.09235,1.09233,1750000,1000000
2021-05-18 00:20:33.259000,1.09235,1.09232,2950000,1000000
2021-05-18 00:20:35.448000,1.09234,1.09231,1250000,1950000
2021-05-18 00:20:35.550000,1.09233,1.09230,2200000,1500000
2021-05-18 00:20:35.752000,1.09232,1.09229,1750000,1950000
2021-05-18 00:20:35.853000,1.09230,1.09228,1000000,1270000
2021-05-18 00:20:36.106000,1.09230,1.09227,1250000,1950000
2021-05-18 00:20:37.590000,1.09229,1.09226,1000000,2890000
2021-05-18 00:20:43.240000,1.09230,1.09225,1000000,3040000
2021-05-18 00:20:45.039000,1.09230,1.09227,1250000,1200000
2021-05-18 00:20:45.349000,1.09230,1.09227,1250000,2170000
2021-05-18 00:20:46.109000,1.09230,1.09227,1250000,1200000
2021-05-18 00:20:48.532000,1.09229,1.09226,1000000,3490000
2021-05-18 00:20:49.479000,1.09229,1.09226,1690000,2020000
2021-05-18 00:20:49.631000,1.09230,1.09228,1000000,1950000
2021-05-18 00:20:50.349000,1.09231,1.09229,1500000,1390000
2021-05-18 00:20:50.451000,1.09232,1.09230,1000000,1000000
2021-05-18 00:20:50.635000,1.09233,1.09230,1500000,1910000
2021-05-18 00:20:50.736000,1.09234,1.09231,1500000,1390000
2021-05-18 00:20:51.205000,1.09233,1.09230,1000000,2140000
2021-05-18 00:20:51.699000,1.09233,1.09230,1000000,2290000
2021-05-18 00:20:56.164000,1.09234,1.09232,1250000,1000000
2021-05-18 00:20:57.838000,1.09234,1.09231,1000000,1460000
2021-05-18 00:20:59.977000,1.09235,1.09232,3320000,1000000
2021-05-18 00:21:00.963000,1.09235,1.09232,1690000,1200000
2021-05-18 00:21:01.268000,1.09237,1.09233,3320000,1000000
2021-05-18 00:21:02.642000,1.09236,1.09234,3260000,1000000
2021-05-18 00:21:02.946000,1.09237,1.09234,1760000,1000000
2021-05-18 00:21:03.401000,1.09236,1.09233,1010000,1000000
2021-05-18 00:21:06.189000,1.09238,1.09234,1200000,1000000
2021-05-18 00:21:10.104000,1.09238,1.09235,2140000,1000000
2021-05-18 00:21:11.749000,1.09240,1.09235,1390000,1690000
2021-05-18 00:21:11.850000,1.09240,1.09237,2890000,1250000
2021-05-18 00:21:11.951000,1.09240,1.09238,2140000,1000000
2021-05-18 00:21:12.916000,1.09240,1.09237,2140000,1250000
2021-05-18 00:21:17.661000,1.09242,1.09237,2890000,1250000
2021-05-18 00:21:20.057000,1.09240,1.09237,1000000,3020000
2021-05-18 00:21:20.158000,1.09240,1.09237,1200000,1500000
2021-05-18 00:21:20.310000,1.09239,1.09236,1000000,2140000
2021-05-18 00:21:20.462000,1.09237,1.09235,1000000,1460000
2021-05-18 00:21:20.563000,1.09236,1.09234,1000000,1390000
2021-05-18 00:21:21.178000,1.09236,1.09232,1000000,3770000
2021-05-18 00:21:28.189000,1.09236,1.09234,1000000,1000000
2021-05-18 00:21:31.510000,1.09239,1.09235,1000000,1250000
2021-05-18 00:21:34.832000,1.09239,1.09236,1100000,1250000
2021-05-18 00:21:34.933000,1.09239,1.09236,1100000,1750000
2021-05-18 00:21:35.034000,1.09239,1.09236,1000000,1090000
2021-05-18 00:21:35.236000,1.09240,1.09237,1690000,1100000
2021-05-18 00:21:39.266000,1.09239,1.09237,1000000,1000000
2021-05-18 00:21:39.368000,1.09239,1.09236,2890000,1250000
2021-05-18 00:21:40.187000,1.09239,1.09236,2440000,1790000
2021-05-18 00:21:40.289000,1.09240,1.09237,1000000,1760000
2021-05-18 00:21:40.390000,1.09241,1.09239,1690000,1000000
2021-05-18 00:21:45.875000,1.09241,1.09236,1000000,2590000
2021-05-18 00:21:45.976000,1.09239,1.09236,1000000,1760000
2021-05-18 00:21:46.350000,1.09238,1.09235,1000000,2910000
2021-05-18 00:21:46.452000,1.09237,1.09234,1000000,2990000
2021-05-18 00:21:46.554000,1.09238,1.09235,1000000,1760000
2021-05-18 00:21:46.657000,1.09237,1.09234,1000000,2910000
2021-05-18 00:21:46.759000,1.09239,1.09234,1000000,1760000
2021-05-18 00:21:46.861000,1.09238,1.09236,1000000,1250000
2021-05-18 00:21:46.963000,1.09238,1.09234,1000000,1010000
2021-05-18 00:21:47.065000,1.09238,1.09235,1000000,1760000
2021-05-18 00:21:48.842000,1.09240,1.09235,1500000,1760000
2021-05-18 00:21:50.923000,1.09239,1.09236,1500000,1820000
2021-05-18 00:21:51.126000,1.09239,1.09237,1000000,1350000
2021-05-18 00:21:56.904000,1.09240,1.09237,1000000,3050000
2021-05-18 00:21:57.056000,1.09241,1.09239,1000000,1820000
2021-05-18 00:21:59.112000,1.09242,1.09239,1500000,1820000
2021-05-18 00:22:08.039000,1.09242,1.09238,1000000,1010000
2021-05-18 00:22:10.188000,1.09239,1.09237,1000000,1840000
2021-05-18 00:22:10.289000,1.09239,1.09235,1000000,2300000
2021-05-18 00:22:10.390000,1.09238,1.09236,1000000,1010000
2021-05-18 00:22:13.773000,1.09239,1.09234,1000000,1760000
2021-05-18 00:22:13.875000,1.09237,1.09235,1000000,1010000
2021-05-18 00:22:15.632000,1.09236,1.09234,1000000,1760000
2021-05-18 00:22:30.436000,1.09237,1.09234,2250000,1760000
2021-05-18 00:22:31.460000,1.09238,1.09236,1000000,1250000
2021-05-18 00:22:32.269000,1.09236,1.09233,1000000,4490000
2021-05-18 00:22:32.472000,1.09236,1.09234,1100000,1690000
2021-05-18 00:22:32.573000,1.09237,1.09234,2320000,1690000
2021-05-18 00:22:41.186000,1.09237,1.09235,1500000,1250000
2021-05-18 00:22:49.283000,1.09237,1.09234,2910000,1000000
2021-05-18 00:22:49.385000,1.09236,1.09233,1100000,1760000
2021-05-18 00:22:59.343000,1.09236,1.09233,2570000,1000000
2021-05-18 00:23:00.396000,1.09234,1.09232,1760000,1000000
2021-05-18 00:23:04.872000,1.09234,1.09231,2510000,1000000
2021-05-18 00:23:05.126000,1.09234,1.09231,2910000,1000000
2021-05-18 00:23:05.228000,1.09234,1.09231,2510000,1000000
2021-05-18 00:23:08.193000,1.09234,1.09232,1250000,1000000
2021-05-18 00:23:09.243000,1.09235,1.09232,1690000,1950000
2021-05-18 00:23:10.058000,1.09236,1.09231,1000000,3400000
2021-05-18 00:23:10.160000,1.09236,1.09233,2320000,1390000
2021-05-18 00:23:10.262000,1.09238,1.09233,2510000,1000000
2021-05-18 00:23:17.359000,1.09240,1.09235,1500000,2060000
2021-05-18 00:23:19.436000,1.09240,1.09238,1690000,1000000
2021-05-18 00:23:21.657000,1.09240,1.09235,1000000,1010000
2021-05-18 00:23:21.759000,1.09238,1.09235,1000000,2650000
2021-05-18 00:23:21.860000,1.09237,1.09234,1000000,4170000
2021-05-18 00:23:26.252000,1.09237,1.09234,1000000,2210000
2021-05-18 00:23:32.801000,1.09237,1.09233,2890000,1250000
2021-05-18 00:23:37.517000,1.09238,1.09232,1000000,4150000
2021-05-18 00:23:37.619000,1.09238,1.09235,1000000,1250000
2021-05-18 00:23:46.646000,1.09238,1.09233,1000000,1690000
2021-05-18 00:23:46.797000,1.09236,1.09234,1000000,1250000
2021-05-18 00:23:46.898000,1.09236,1.09233,1000000,2140000
2021-05-18 00:23:50.612000,1.09236,1.09232,1690000,1390000
2021-05-18 00:23:51.300000,1.09236,1.09232,1000000,3550000
2021-05-18 00:23:51.452000,1.09237,1.09233,1690000,1350000
2021-05-18 00:23:51.604000,1.09237,1.09233,1690000,2210000
2021-05-18 00:23:52.573000,1.09236,1.09232,1000000,3400000
2021-05-18 00:23:52.877000,1.09235,1.09231,1000000,2650000
2021-05-18 00:23:52.978000,1.09233,1.09231,1000000,1460000
2021-05-18 00:23:53.079000,1.09233,1.09230,1000000,1390000
2021-05-18 00:23:54.071000,1.09234,1.09229,1000000,2550000
2021-05-18 00:23:54.475000,1.09233,1.09229,1000000,2920000
2021-05-18 00:23:54.729000,1.09232,1.09229,1000000,1720000
2021-05-18 00:23:55.077000,1.09231,1.09229,1000000,1570000
2021-05-18 00:23:55.290000,1.09231,1.09228,1000000,1200000
2021-05-18 00:23:55.392000,1.09230,1.09228,1000000,1100000
2021-05-18 00:23:55.493000,1.09230,1.09227,1000000,1100000
2021-05-18 00:23:55.754000,1.09229,1.09225,1000000,2550000
2021-05-18 00:23:56.879000,1.09229,1.09225,1760000,1570000
2021-05-18 00:23:57.781000,1.09228,1.09225,1000000,1760000
2021-05-18 00:24:04.758000,1.09228,1.09224,2510000,3260000
2021-05-18 00:24:04.859000,1.09229,1.09223,1570000,4450000
2021-05-18 00:24:23.494000,1.09228,1.09225,1000000,1450000
2021-05-18 00:24:27.647000,1.09229,1.09226,1570000,1250000
2021-05-18 00:24:28.860000,1.09229,1.09224,1000000,3770000
2021-05-18 00:24:29.519000,1.09230,1.09228,1000000,1870000
2021-05-18 00:24:29.620000,1.09232,1.09228,1690000,2160000
2021-05-18 00:24:29.722000,1.09231,1.09229,1000000,1010000
2021-05-18 00:24:29.823000,1.09230,1.09228,1000000,1090000
2021-05-18 00:24:29.924000,1.09229,1.09226,1000000,3390000
2021-05-18 00:24:31.054000,1.09229,1.09227,1000000,2570000
2021-05-18 00:24:31.105000,1.09232,1.09228,1000000,4100000
2021-05-18 00:24:31.206000,1.09232,1.09229,1000000,1410000
2021-05-18 00:24:31.358000,1.09233,1.09228,2440000,6950000
2021-05-18 00:24:31.460000,1.09230,1.09228,1000000,1090000
2021-05-18 00:24:31.662000,1.09229,1.09226,1000000,2220000
2021-05-18 00:24:31.764000,1.09229,1.09226,1000000,3720000
2021-05-18 00:24:32.721000,1.09229,1.09227,1000000,1820000
2021-05-18 00:24:32.822000,1.09229,1.09227,1000000,1010000
2021-05-18 00:24:32.974000,1.09229,1.09226,1000000,2220000
2021-05-18 00:24:37.622000,1.09229,1.09226,1000000,2570000
2021-05-18 00:24:39.125000,1.09230,1.09227,1500000,1010000
2021-05-18 00:24:39.226000,1.09231,1.09226,1000000,2570000
2021-05-18 00:24:41.570000,1.09232,1.09229,1000000,1010000
2021-05-18 00:24:41.672000,1.09232,1.09229,1000000,2160000
2021-05-18 00:24:44.353000,1.09233,1.09231,1500000,1000000
2021-05-18 00:24:44.505000,1.09234,1.09232,1500000,1000000
2021-05-18 00:24:46.075000,1.09235,1.09233,2440000,1000000
2021-05-18 00:24:50.034000,1.09236,1.09234,1000000,1000000
2021-05-18 00:24:54.059000,1.09238,1.09233,1000000,1760000
2021-05-18 00:24:57.553000,1.09237,1.09235,1000000,1250000
2021-05-18 00:24:58.243000,1.09240,1.09237,1500000,1760000
2021-05-18 00:24:58.345000,1.09241,1.09238,1100000,1760000
2021-05-18 00:24:58.548000,1.09242,1.09237,1000000,2160000
2021-05-18 00:24:58.701000,1.09242,1.09239,2440000,1100000
2021-05-18 00:25:05.178000,1.09242,1.09240,1000000,1390000
2021-05-18 00:25:05.229000,1.09246,1.09244,1690000,1000000
2021-05-18 00:25:05.330000,1.09246,1.09245,1250000,1000000
2021-05-18 00:25:05.432000,1.09248,1.09244,1000000,1000000
2021-05-18 00:25:07.307000,1.09253,1.09250,3450000,1000000
2021-05-18 00:25:07.409000,1.09253,1.09250,1000000,2200000
2021-05-18 00:25:07.510000,1.09254,1.09252,1250000,1000000
2021-05-18 00:25:09.941000,1.09252,1.09250,1000000,1100000
2021-05-18 00:25:14.372000,1.09253,1.09251,1000000,1000000
2021-05-18 00:25:18.093000,1.09254,1.09251,2440000,1000000
2021-05-18 00:25:19.973000,1.09254,1.09251,1000000,3040000
2021-05-18 00:25:20.085000,1.09255,1.09252,2440000,1200000
2021-05-18 00:25:22.368000,1.09256,1.09253,1690000,1000000
2021-05-18 00:25:25.189000,1.09255,1.09252,1000000,2890000
2021-05-18 00:25:25.290000,1.09254,1.09252,1000000,2140000
2021-05-18 00:25:31.670000,1.09253,1.09251,1000000,1200000
2021-05-18 00:25:31.771000,1.09251,1.09248,1000000,2610000
2021-05-18 00:25:31.822000,1.09250,1.09247,1690000,1200000
2021-05-18 00:25:31.928000,1.09249,1.09246,1000000,2290000
2021-05-18 00:25:32.029000,1.09249,1.09246,1000000,2210000
2021-05-18 00:25:32.130000,1.09249,1.09246,1000000,2360000
2021-05-18 00:25:32.231000,1.09250,1.09247,1690000,2100000
2021-05-18 00:25:34.506000,1.09250,1.09247,1000000,2960000
2021-05-18 00:25:38.217000,1.09248,1.09246,1000000,1200000
2021-05-18 00:25:38.369000,1.09248,1.09245,1690000,1100000
2021-05-18 00:25:39.331000,1.09247,1.09245,1250000,1000000
2021-05-18 00:25:39.433000,1.09248,1.09243,1690000,1570000
2021-05-18 00:25:42.433000,1.09247,1.09245,1000000,1200000
2021-05-18 00:25:42.534000,1.09248,1.09245,1760000,1000000
2021-05-18 00:25:42.687000,1.09247,1.09245,1000000,1000000
2021-05-18 00:25:46.727000,1.09248,1.09245,1100000,1690000
2021-05-18 00:25:55.132000,1.09250,1.09249,1000000,1000000
2021-05-18 00:25:55.183000,1.09252,1.09249,2620000,1100000
2021-05-18 00:25:55.285000,1.09254,1.09249,1690000,1100000
2021-05-18 00:26:01.002000,1.09253,1.09250,1500000,2160000
2021-05-18 00:26:02.387000,1.09253,1.09250,1500000,1760000
2021-05-18 00:26:02.522000,1.09254,1.09251,1690000,1100000
2021-05-18 00:26:02.624000,1.09255,1.09252,2440000,1100000
2021-05-18 00:26:02.725000,1.09255,1.09252,1500000,2160000
2021-05-18 00:26:03.182000,1.09255,1.09252,1690000,1100000
2021-05-18 00:26:15.378000,1.09256,1.09251,3700000,1000000
2021-05-18 00:26:17.640000,1.09255,1.09252,1390000,1000000
2021-05-18 00:26:20.229000,1.09257,1.09255,1000000,1000000
2021-05-18 00:26:20.331000,1.09259,1.09256,3320000,1000000
2021-05-18 00:26:20.432000,1.09259,1.09257,1250000,1000000
2021-05-18 00:26:20.533000,1.09260,1.09257,1570000,1250000
2021-05-18 00:26:26.608000,1.09258,1.09256,1690000,1000000
2021-05-18 00:26:26.760000,1.09257,1.09254,1000000,2950000
2021-05-18 00:26:28.481000,1.09258,1.09256,1000000,1250000
2021-05-18 00:26:28.582000,1.09259,1.09256,1000000,1000000
2021-05-18 00:26:28.683000,1.09261,1.09258,1760000,1250000
2021-05-18 00:26:35.690000,1.09259,1.09257,1000000,2200000
2021-05-18 00:26:41.033000,1.09260,1.09258,1000000,1010000
2021-05-18 00:26:41.301000,1.09264,1.09259,1000000,4040000
2021-05-18 00:26:41.403000,1.09264,1.09261,1500000,2160000
2021-05-18 00:26:41.504000,1.09264,1.09262,1000000,1410000
2021-05-18 00:26:41.606000,1.09265,1.09262,1500000,2160000
2021-05-18 00:26:41.909000,1.09264,1.09261,1500000,1010000
2021-05-18 00:26:42.061000,1.09262,1.09260,1000000,1250000
2021-05-18 00:26:42.163000,1.09261,1.09258,1000000,1690000
2021-05-18 00:26:44.307000,1.09259,1.09257,1000000,1010000
2021-05-18 00:26:44.712000,1.09260,1.09257,1000000,1760000
2021-05-18 00:26:53.185000,1.09258,1.09256,1500000,1000000
2021-05-18 00:26:53.336000,1.09257,1.09254,1000000,2510000
2021-05-18 00:26:53.868000,1.09256,1.09254,1000000,1760000
2021-05-18 00:26:56.207000,1.09257,1.09255,1000000,1000000
2021-05-18 00:26:56.308000,1.09258,1.09256,1000000,1000000
2021-05-18 00:26:58.272000,1.09260,1.09257,1820000,1000000
2021-05-18 00:26:58.380000,1.09260,1.09257,1010000,1250000
2021-05-18 00:27:08.825000,1.09260,1.09257,1820000,1000000
2021-05-18 00:27:12.985000,1.09256,1.09255,1000000,1000000
2021-05-18 00:27:13.036000,1.09256,1.09253,2570000,1100000
2021-05-18 00:27:13.442000,1.09255,1.09252,1010000,1250000
2021-05-18 00:27:13.549000,1.09254,1.09252,1000000,1250000
2021-05-18 00:27:15.159000,1.09257,1.09255,1570000,1000000
2021-05-18 00:27:15.260000,1.09258,1.09256,1500000,1000000
2021-05-18 00:27:15.513000,1.09257,1.09255,1000000,1000000
2021-05-18 00:27:15.614000,1.09258,1.09256,1950000,1000000
2021-05-18 00:27:16.697000,1.09258,1.09254,1000000,1690000
2021-05-18 00:27:22.634000,1.09256,1.09255,1000000,1250000
2021-05-18 00:27:22.743000,1.09256,1.09254,1000000,1690000
2021-05-18 00:27:28.721000,1.09255,1.09253,1000000,1200000
2021-05-18 00:27:32.850000,1.09255,1.09252,2140000,1500000
2021-05-18 00:27:32.951000,1.09253,1.09249,1000000,1000000
2021-05-18 00:27:34.004000,1.09252,1.09249,2140000,1000000
2021-05-18 00:27:49.271000,1.09253,1.09250,1690000,1200000
2021-05-18 00:28:15.180000,1.09252,1.09249,1000000,2290000
2021-05-18 00:28:15.332000,1.09252,1.09249,1250000,1200000
2021-05-18 00:28:15.433000,1.09251,1.09248,1000000,5360000
2021-05-18 00:28:15.535000,1.09249,1.09247,1000000,1270000
2021-05-18 00:28:15.636000,1.09249,1.09246,1000000,2420000
2021-05-18 00:28:15.738000,1.09248,1.09246,1000000,1200000
2021-05-18 00:28:15.839000,1.09248,1.09246,1000000,1000000
2021-05-18 00:28:16.001000,1.09247,1.09244,1000000,2290000
2021-05-18 00:28:16.103000,1.09248,1.09244,1250000,3040000
2021-05-18 00:28:21.290000,1.09248,1.09244,2500000,1600000
2021-05-18 00:28:22.447000,1.09248,1.09244,2500000,1200000
2021-05-18 00:28:24.659000,1.09246,1.09243,1000000,3040000
2021-05-18 00:28:31.966000,1.09248,1.09245,1690000,1200000
2021-05-18 00:28:32.118000,1.09248,1.09245,2500000,1000000
2021-05-18 00:28:32.219000,1.09246,1.09244,1000000,1200000
2021-05-18 00:28:35.295000,1.09245,1.09242,1250000,1950000
2021-05-18 00:28:35.397000,1.09244,1.09242,1250000,1000000
2021-05-18 00:28:37.229000,1.09244,1.09241,1250000,1200000
2021-05-18 00:28:47.514000,1.09244,1.09242,1250000,1000000
2021-05-18 00:28:52.021000,1.09243,1.09240,1000000,2890000
2021-05-18 00:28:56.168000,1.09244,1.09242,2890000,1000000
2021-05-18 00:28:56.370000,1.09247,1.09245,2890000,1000000
2021-05-18 00:29:03.550000,1.09249,1.09247,1500000,1000000
2021-05-18 00:29:03.702000,1.09250,1.09248,1500000,1000000
2021-05-18 00:29:30.522000,1.09251,1.09249,1000000,2140000
2021-05-18 00:29:30.623000,1.09253,1.09251,2890000,1000000
2021-05-18 00:29:30.725000,1.09254,1.09252,2440000,1000000
2021-05-18 00:29:33.270000,1.09255,1.09253,1500000,1000000
2021-05-18 00:29:34.410000,1.09258,1.09255,1000000,1000000
2021-05-18 00:29:34.511000,1.09258,1.09256,1100000,1000000
2021-05-18 00:29:35.988000,1.09257,1.09255,1000000,1000000
2021-05-18 00:29:39.037000,1.09260,1.09255,2440000,1200000
2021-05-18 00:29:39.240000,1.09260,1.09257,2890000,1000000
2021-05-18 00:29:39.445000,1.09261,1.09258,2960000,1000000
2021-05-18 00:29:44.973000,1.09260,1.09257,1000000,2890000
2021-05-18 00:29:45.075000,1.09259,1.09256,2890000,1000000
2021-05-18 00:29:46.789000,1.09258,1.09255,1000000,2140000
2021-05-18 00:29:53.155000,1.09258,1.09254,2140000,2890000
2021-05-18 00:29:54.476000,1.09258,1.09253,1000000,2890000
2021-05-18 00:30:00.254000,1.09258,1.09254,2890000,2140000
2021-05-18 00:30:03.670000,1.09258,1.09255,1500000,1760000
2021-05-18 00:30:03.872000,1.09257,1.09255,1000000,1010000
2021-05-18 00:30:09.928000,1.09257,1.09254,1000000,1760000
2021-05-18 00:30:23.224000,1.09255,1.09252,1000000,2440000
2021-05-18 00:30:23.325000,1.09254,1.09252,1000000,1250000
2021-05-18 00:30:23.426000,1.09252,1.09250,1000000,1500000
2021-05-18 00:30:24.443000,1.09254,1.09251,1000000,2440000
2021-05-18 00:30:29.417000,1.09255,1.09253,1000000,1250000
2021-05-18 00:30:33.035000,1.09255,1.09252,1000000,2440000
2021-05-18 00:30:33.137000,1.09254,1.09251,1000000,2440000
2021-05-18 00:30:42.089000,1.09254,1.09251,1000000,2500000
2021-05-18 00:30:42.190000,1.09254,1.09253,1000000,1250000
2021-05-18 00:30:42.291000,1.09255,1.09253,1500000,1250000
2021-05-18 00:30:42.392000,1.09255,1.09254,1000000,1250000
2021-05-18 00:30:45.090000,1.09256,1.09254,1500000,1250000
2021-05-18 00:30:55.772000,1.09258,1.09256,1200000,1690000
2021-05-18 00:30:55.924000,1.09260,1.09255,2020000,1690000
2021-05-18 00:30:57.570000,1.09258,1.09255,1950000,1690000
2021-05-18 00:30:57.672000,1.09255,1.09252,1000000,1000000
2021-05-18 00:30:57.823000,1.09254,1.09252,1000000,1690000
2021-05-18 00:30:57.925000,1.09255,1.09252,1950000,1690000
2021-05-18 00:30:58.865000,1.09256,1.09253,1100000,1690000
2021-05-18 00:30:58.966000,1.09256,1.09254,1100000,1250000
2021-05-18 00:31:08.518000,1.09257,1.09254,1570000,1690000
2021-05-18 00:31:23.415000,1.09256,1.09253,1950000,1690000
2021-05-18 00:31:23.517000,1.09256,1.09253,3410000,1000000
2021-05-18 00:31:24.821000,1.09254,1.09252,1000000,2440000
2021-05-18 00:31:26.983000,1.09256,1.09254,1500000,1250000
2021-05-18 00:31:36.805000,1.09256,1.09253,1250000,2140000
2021-05-18 00:31:52.176000,1.09256,1.09253,1000000,2950000
2021-05-18 00:31:57.542000,1.09259,1.09256,4460000,1000000
2021-05-18 00:31:57.695000,1.09259,1.09256,1500000,2950000
2021-05-18 00:31:57.847000,1.09260,1.09257,1250000,1390000
2021-05-18 00:32:04.299000,1.09260,1.09257,1000000,2200000
2021-05-18 00:32:04.544000,1.09260,1.09257,1010000,1250000
2021-05-18 00:32:07.586000,1.09259,1.09257,1010000,1000000
2021-05-18 00:32:07.738000,1.09258,1.09256,1760000,1000000
2021-05-18 00:32:07.890000,1.09258,1.09256,2950000,1000000
2021-05-18 00:32:07.991000,1.09257,1.09255,1310000,1000000
2021-05-18 00:32:18.507000,1.09253,1.09252,1000000,1250000
2021-05-18 00:32:18.608000,1.09255,1.09252,4040000,1000000
2021-05-18 00:32:18.760000,1.09255,1.09252,3560000,1000000
2021-05-18 00:32:18.963000,1.09253,1.09251,1100000,1500000
2021-05-18 00:32:19.064000,1.09254,1.09252,1000000,1000000
2021-05-18 00:32:23.817000,1.09256,1.09253,1000000,2950000
2021-05-18 00:32:23.919000,1.09257,1.09255,1000000,1250000
2021-05-18 00:32:24.678000,1.09256,1.09254,1000000,1200000
2021-05-18 00:32:25.054000,1.09256,1.09253,1000000,2890000
2021-05-18 00:32:25.156000,1.09256,1.09252,1000000,1250000
2021-05-18 00:32:25.257000,1.09255,1.09252,1390000,1250000
2021-05-18 00:32:26.758000,1.09255,1.09251,2950000,1390000
2021-05-18 00:32:27.979000,1.09254,1.09252,1250000,1000000
2021-05-18 00:32:28.902000,1.09255,1.09252,1760000,1000000
2021-05-18 00:32:39.352000,1.09254,1.09251,3290000,1000000
2021-05-18 00:32:39.453000,1.09252,1.09250,1690000,1000000
2021-05-18 00:32:39.555000,1.09253,1.09251,2140000,1000000
2021-05-18 00:32:39.656000,1.09252,1.09250,1000000,1000000
2021-05-18 00:32:40.901000,1.09253,1.09251,1010000,1000000
2021-05-18 00:32:43.095000,1.09254,1.09251,3260000,1000000
2021-05-18 00:32:50.668000,1.09253,1.09251,1390000,1000000
2021-05-18 00:32:58.455000,1.09254,1.09251,2890000,1000000
2021-05-18 00:32:58.606000,1.09252,1.09250,1000000,1250000
2021-05-18 00:32:58.708000,1.09252,1.09249,2140000,1000000
2021-05-18 00:32:58.809000,1.09251,1.09249,1000000,1200000
2021-05-18 00:33:09.014000,1.09250,1.09247,1000000,3790000
2021-05-18 00:33:09.064000,1.09249,1.09246,1000000,3340000
2021-05-18 00:33:09.115000,1.09251,1.09249,1250000,1000000
2021-05-18 00:33:09.217000,1.09250,1.09247,2950000,1100000
2021-05-18 00:33:09.339000,1.09249,1.09246,1250000,1200000
2021-05-18 00:33:09.440000,1.09250,1.09247,2950000,1000000
2021-05-18 00:33:09.828000,1.09251,1.09249,1000000,1000000
2021-05-18 00:33:10.370000,1.09250,1.09248,1000000,2890000
2021-05-18 00:33:14.523000,1.09249,1.09247,1000000,1570000
2021-05-18 00:33:14.624000,1.09248,1.09245,1000000,3260000
2021-05-18 00:33:22.608000,1.09248,1.09245,2200000,1000000
2021-05-18 00:33:22.709000,1.09247,1.09244,1690000,1200000
2021-05-18 00:33:24.798000,1.09246,1.09243,1000000,3040000
2021-05-18 00:33:28.262000,1.09247,1.09243,1690000,3040000
2021-05-18 00:33:35.131000,1.09247,1.09243,1760000,2890000
2021-05-18 00:33:35.981000,1.09247,1.09244,2510000,1000000
2021-05-18 00:33:53.222000,1.09247,1.09245,1690000,1000000
2021-05-18 00:33:53.324000,1.09248,1.09245,1000000,1760000
2021-05-18 00:33:53.375000,1.09249,1.09248,1250000,1000000
2021-05-18 00:33:53.426000,1.09249,1.09246,1000000,1390000
2021-05-18 00:33:53.630000,1.09249,1.09245,1010000,1000000
2021-05-18 00:33:54.037000,1.09246,1.09245,1690000,1000000
2021-05-18 00:33:54.138000,1.09246,1.09244,1100000,1000000
2021-05-18 00:33:54.240000,1.09245,1.09243,1000000,1000000
2021-05-18 00:33:55.372000,1.09244,1.09241,1000000,2950000
2021-05-18 00:33:55.524000,1.09244,1.09241,1000000,2140000
2021-05-18 00:34:06.231000,1.09244,1.09243,1250000,1000000
2021-05-18 00:34:06.534000,1.09245,1.09241,1250000,1000000
2021-05-18 00:34:25.324000,1.09244,1.09241,1760000,1500000
2021-05-18 00:34:31.777000,1.09243,1.09240,1000000,2140000
2021-05-18 00:34:35.080000,1.09242,1.09240,1000000,1200000
2021-05-18 00:34:36.818000,1.09242,1.09239,1000000,1390000
2021-05-18 00:34:44.867000,1.09241,1.09238,1000000,2140000
2021-05-18 00:34:44.969000,1.09240,1.09237,3190000,1200000
2021-05-18 00:34:45.071000,1.09236,1.09233,1000000,2950000
2021-05-18 00:34:45.274000,1.09236,1.09233,1000000,2140000
2021-05-18 00:34:45.630000,1.09238,1.09235,2440000,1200000
2021-05-18 00:34:46.290000,1.09236,1.09234,1000000,1010000
2021-05-18 00:34:48.820000,1.09237,1.09234,1000000,4610000
2021-05-18 00:34:53.608000,1.09236,1.09234,1000000,1690000
2021-05-18 00:34:53.710000,1.09235,1.09232,1000000,3890000
2021-05-18 00:34:53.811000,1.09235,1.09232,1000000,1390000
2021-05-18 00:34:53.912000,1.09234,1.09232,1690000,1000000
2021-05-18 00:34:54.266000,1.09235,1.09232,1760000,1000000
2021-05-18 00:34:55.586000,1.09236,1.09234,1000000,1390000
2021-05-18 00:35:04.940000,1.09235,1.09232,1000000,1390000
2021-05-18 00:35:05.453000,1.09234,1.09230,1000000,1000000
2021-05-18 00:35:07.313000,1.09232,1.09230,1000000,1390000
2021-05-18 00:35:09.564000,1.09233,1.09231,1000000,1390000
2021-05-18 00:35:10.498000,1.09233,1.09232,1690000,1000000
2021-05-18 00:35:10.549000,1.09232,1.09230,2440000,1500000
2021-05-18 00:35:15.893000,1.09233,1.09230,1000000,4600000
2021-05-18 00:35:16.044000,1.09233,1.09231,1000000,2200000
2021-05-18 00:35:16.146000,1.09232,1.09230,1000000,2020000
2021-05-18 00:35:16.515000,1.09232,1.09229,1690000,1950000
2021-05-18 00:35:16.616000,1.09231,1.09229,1000000,1000000
2021-05-18 00:35:16.717000,1.09232,1.09228,2510000,1390000
2021-05-18 00:35:21.399000,1.09231,1.09228,1690000,1200000
2021-05-18 00:35:21.805000,1.09232,1.09228,2510000,2140000
2021-05-18 00:35:24.446000,1.09229,1.09227,1000000,1000000
2021-05-18 00:35:24.598000,1.09228,1.09226,1690000,1100000
2021-05-18 00:35:24.699000,1.09228,1.09225,1000000,1390000
2021-05-18 00:35:25.205000,1.09229,1.09226,1760000,1000000
2021-05-18 00:35:27.517000,1.09230,1.09227,1000000,2950000
2021-05-18 00:35:32.080000,1.09233,1.09230,1690000,3790000
2021-05-18 00:35:36.049000,1.09235,1.09233,2440000,1000000
2021-05-18 00:35:40.394000,1.09236,1.09233,2510000,1000000
2021-05-18 00:35:40.496000,1.09236,1.09234,2440000,1000000
2021-05-18 00:35:40.598000,1.09235,1.09233,1000000,1000000
2021-05-18 00:35:41.125000,1.09235,1.09232,1000000,2140000
2021-05-18 00:35:44.433000,1.09233,1.09231,1690000,1000000
2021-05-18 00:35:44.534000,1.09232,1.09231,1250000,1000000
2021-05-18 00:35:44.635000,1.09232,1.09230,1690000,1000000
2021-05-18 00:35:49.171000,1.09234,1.09230,1000000,1390000
2021-05-18 00:35:49.273000,1.09234,1.09232,2250000,1000000
2021-05-18 00:35:51.427000,1.09234,1.09229,3260000,1000000
2021-05-18 00:35:51.529000,1.09233,1.09228,1760000,1500000
2021-05-18 00:35:51.630000,1.09232,1.09230,1690000,1000000
2021-05-18 00:35:54.515000,1.09233,1.09230,3260000,1000000
2021-05-18 00:36:07.295000,1.09233,1.09232,1000000,1000000
2021-05-18 00:36:07.396000,1.09234,1.09232,3190000,1000000
2021-05-18 00:36:34.059000,1.09233,1.09231,1250000,1000000
2021-05-18 00:36:34.305000,1.09234,1.09231,3260000,1000000
2021-05-18 00:36:35.187000,1.09233,1.09232,1690000,1000000
2021-05-18 00:36:35.238000,1.09233,1.09230,2440000,1200000
2021-05-18 00:36:35.339000,1.09232,1.09229,1500000,1390000
2021-05-18 00:36:35.492000,1.09231,1.09228,1100000,1690000
2021-05-18 00:36:35.593000,1.09230,1.09228,1690000,1000000
2021-05-18 00:36:36.658000,1.09231,1.09229,1250000,1000000
2021-05-18 00:36:36.762000,1.09232,1.09229,3260000,1000000
2021-05-18 00:36:41.821000,1.09230,1.09229,1250000,1000000
2021-05-18 00:36:42.270000,1.09231,1.09229,1010000,1000000
2021-05-18 00:36:49.579000,1.09229,1.09227,1010000,1000000
2021-05-18 00:36:49.680000,1.09229,1.09226,2510000,1000000
2021-05-18 00:37:02.446000,1.09229,1.09227,1760000,1000000
2021-05-18 00:37:07.426000,1.09230,1.09228,1690000,1000000
2021-05-18 00:37:07.477000,1.09233,1.09229,3340000,1000000
2021-05-18 00:37:07.729000,1.09230,1.09228,1760000,1000000
2021-05-18 00:37:07.831000,1.09229,1.09228,1690000,1000000
2021-05-18 00:37:08.657000,1.09230,1.09228,3260000,1000000
2021-05-18 00:37:08.758000,1.09229,1.09227,1760000,1000000
2021-05-18 00:37:08.860000,1.09228,1.09227,1250000,1000000
2021-05-18 00:37:11.887000,1.09229,1.09227,2510000,1000000
2021-05-18 00:37:28.072000,1.09230,1.09228,1690000,1500000
2021-05-18 00:37:28.123000,1.09232,1.09229,3340000,1500000
2021-05-18 00:37:33.051000,1.09232,1.09228,1000000,1100000
2021-05-18 00:37:34.067000,1.09231,1.09228,1690000,1570000
2021-05-18 00:37:36.028000,1.09233,1.09230,1500000,1790000
2021-05-18 00:37:36.180000,1.09232,1.09230,1000000,1570000
2021-05-18 00:37:36.282000,1.09232,1.09229,1250000,1000000
2021-05-18 00:37:36.635000,1.09232,1.09228,1250000,1100000
2021-05-18 00:37:48.721000,1.09230,1.09229,1250000,1000000
2021-05-18 00:37:48.838000,1.09230,1.09228,1250000,1100000
2021-05-18 00:37:49.141000,1.09229,1.09228,1250000,1000000
2021-05-18 00:37:52.087000,1.09233,1.09231,3260000,1000000
2021-05-18 00:37:53.144000,1.09233,1.09232,1250000,1000000
2021-05-18 00:37:53.424000,1.09234,1.09232,1690000,1000000
2021-05-18 00:38:01.665000,1.09233,1.09232,1250000,1000000
2021-05-18 00:38:02.734000,1.09235,1.09231,1690000,1000000
2021-05-18 00:38:06.829000,1.09235,1.09233,2440000,1000000
2021-05-18 00:38:07.288000,1.09236,1.09234,1250000,1000000
2021-05-18 00:38:07.390000,1.09235,1.09234,1250000,1000000
2021-05-18 00:38:14.223000,1.09234,1.09233,1250000,1000000
2021-05-18 00:38:34.355000,1.09235,1.09233,2510000,1000000
2021-05-18 00:38:34.456000,1.09234,1.09232,1760000,1000000
2021-05-18 00:38:48.602000,1.09238,1.09236,1100000,1000000
2021-05-18 00:38:48.653000,1.09239,1.09237,1690000,1000000
2021-05-18 00:38:48.755000,1.09240,1.09238,1690000,1000000
2021-05-18 00:38:48.856000,1.09241,1.09239,1250000,1000000
2021-05-18 00:38:51.523000,1.09242,1.09239,1760000,1500000
2021-05-18 00:38:58.752000,1.09242,1.09240,1000000,1250000
2021-05-18 00:38:59.155000,1.09243,1.09240,1570000,1690000
2021-05-18 00:39:01.577000,1.09243,1.09241,1000000,1250000
2021-05-18 00:39:01.678000,1.09244,1.09241,1100000,1690000
2021-05-18 00:39:01.880000,1.09244,1.09241,2910000,1000000
2021-05-18 00:39:02.089000,1.09244,1.09241,1100000,1750000
2021-05-18 00:39:02.190000,1.09245,1.09240,1760000,1250000
2021-05-18 00:39:02.668000,1.09245,1.09242,2510000,1250000
2021-05-18 00:39:03.556000,1.09246,1.09244,1010000,1000000
2021-05-18 00:39:10.430000,1.09247,1.09245,1570000,1000000
2021-05-18 00:39:10.531000,1.09247,1.09246,1000000,1000000
2021-05-18 00:39:10.582000,1.09250,1.09248,1090000,1000000
2021-05-18 00:39:10.684000,1.09251,1.09249,1000000,1250000
2021-05-18 00:39:10.785000,1.09250,1.09248,1250000,1000000
2021-05-18 00:39:14.563000,1.09251,1.09249,1100000,1250000
2021-05-18 00:39:14.664000,1.09252,1.09248,1000000,1750000
2021-05-18 00:39:14.765000,1.09251,1.09249,1000000,1250000
2021-05-18 00:39:15.459000,1.09252,1.09249,1010000,1250000
2021-05-18 00:39:15.611000,1.09252,1.09250,1010000,1000000
2021-05-18 00:39:33.109000,1.09252,1.09248,1010000,4150000
2021-05-18 00:39:34.200000,1.09252,1.09249,1000000,1450000
2021-05-18 00:39:34.352000,1.09252,1.09250,1000000,1250000
2021-05-18 00:39:34.454000,1.09253,1.09250,1000000,3170000
2021-05-18 00:39:34.607000,1.09253,1.09250,1250000,2210000
2021-05-18 00:39:34.708000,1.09252,1.09249,1100000,1820000
2021-05-18 00:39:37.928000,1.09253,1.09249,1010000,3770000
2021-05-18 00:39:38.363000,1.09253,1.09250,1000000,1450000
2021-05-18 00:39:38.464000,1.09254,1.09251,1000000,2200000
2021-05-18 00:39:39.533000,1.09256,1.09253,1000000,2200000
2021-05-18 00:39:39.635000,1.09254,1.09251,1250000,2210000
2021-05-18 00:39:39.837000,1.09255,1.09252,1000000,2200000
2021-05-18 00:39:39.939000,1.09254,1.09251,1000000,3020000
2021-05-18 00:39:40.040000,1.09255,1.09252,1100000,1750000
2021-05-18 00:39:40.883000,1.09257,1.09254,1000000,2570000
2021-05-18 00:39:41.035000,1.09258,1.09255,1090000,1250000
2021-05-18 00:40:19.252000,1.09259,1.09257,1000000,2200000
2021-05-18 00:40:19.353000,1.09259,1.09257,1000000,1390000
2021-05-18 00:40:21.495000,1.09262,1.09258,1000000,2950000
2021-05-18 00:40:21.596000,1.09262,1.09259,1690000,1200000
2021-05-18 00:40:21.697000,1.09261,1.09258,1500000,1760000
2021-05-18 00:40:21.950000,1.09260,1.09257,2140000,1000000
2021-05-18 00:40:22.101000,1.09259,1.09257,1250000,1000000
2021-05-18 00:40:23.226000,1.09260,1.09257,2890000,1000000
2021-05-18 00:40:23.900000,1.09259,1.09257,1250000,1000000
2021-05-18 00:40:31.058000,1.09259,1.09256,2890000,1000000
2021-05-18 00:40:31.160000,1.09257,1.09255,1000000,1000000
2021-05-18 00:40:31.841000,1.09257,1.09254,1000000,2140000
2021-05-18 00:40:33.514000,1.09256,1.09254,1250000,1000000
2021-05-18 00:40:33.615000,1.09256,1.09253,1000000,2960000
2021-05-18 00:40:33.716000,1.09258,1.09255,2890000,1000000
2021-05-18 00:40:36.423000,1.09259,1.09256,2890000,1000000
2021-05-18 00:40:37.030000,1.09259,1.09257,2140000,1000000
2021-05-18 00:40:51.492000,1.09260,1.09257,1950000,1250000
2021-05-18 00:40:51.593000,1.09260,1.09258,1000000,1250000
2021-05-18 00:40:55.781000,1.09259,1.09257,1100000,1000000
2021-05-18 00:40:56.724000,1.09260,1.09255,1100000,1250000
2021-05-18 00:40:58.444000,1.09259,1.09255,1000000,1250000
2021-05-18 00:40:58.706000,1.09257,1.09255,1010000,1000000
2021-05-18 00:40:59.793000,1.09256,1.09253,1760000,1000000
2021-05-18 00:41:06.614000,1.09256,1.09252,1760000,2890000
2021-05-18 00:41:07.872000,1.09256,1.09253,1010000,1000000
2021-05-18 00:41:12.272000,1.09256,1.09253,2540000,1000000
2021-05-18 00:41:24.540000,1.09256,1.09253,1950000,1690000
2021-05-18 00:41:35.823000,1.09257,1.09253,1500000,1250000
2021-05-18 00:41:35.925000,1.09256,1.09253,1000000,2440000
2021-05-18 00:41:46.522000,1.09256,1.09254,1000000,1250000
2021-05-18 00:41:46.623000,1.09256,1.09253,1000000,2510000
2021-05-18 00:41:50.095000,1.09257,1.09253,1000000,1250000
2021-05-18 00:41:50.247000,1.09256,1.09255,1000000,1250000
2021-05-18 00:41:50.515000,1.09257,1.09255,1000000,1690000
2021-05-18 00:41:50.768000,1.09258,1.09256,1200000,1000000
2021-05-18 00:41:51.152000,1.09257,1.09255,1200000,1250000
2021-05-18 00:41:51.253000,1.09258,1.09253,1000000,1760000
2021-05-18 00:41:55.161000,1.09258,1.09256,1000000,1250000
2021-05-18 00:41:55.262000,1.09258,1.09257,1000000,1250000
2021-05-18 00:41:55.465000,1.09258,1.09256,1000000,1760000
2021-05-18 00:42:00.048000,1.09258,1.09255,1200000,2440000
